@misc{deepseekai2025deepseekv3technicalreport,
      title={DeepSeek-V3 Technical Report}, 
      author={DeepSeek-AI and Aixin Liu and Bei Feng and Bing Xue and Bingxuan Wang and Bochao Wu and Chengda Lu and Chenggang Zhao and Chengqi Deng and Chenyu Zhang and Chong Ruan and Damai Dai and Daya Guo and Dejian Yang and Deli Chen and Dongjie Ji and Erhang Li and Fangyun Lin and Fucong Dai and Fuli Luo and Guangbo Hao and Guanting Chen and Guowei Li and H. Zhang and Han Bao and Hanwei Xu and Haocheng Wang and Haowei Zhang and Honghui Ding and Huajian Xin and Huazuo Gao and Hui Li and Hui Qu and J. L. Cai and Jian Liang and Jianzhong Guo and Jiaqi Ni and Jiashi Li and Jiawei Wang and Jin Chen and Jingchang Chen and Jingyang Yuan and Junjie Qiu and Junlong Li and Junxiao Song and Kai Dong and Kai Hu and Kaige Gao and Kang Guan and Kexin Huang and Kuai Yu and Lean Wang and Lecong Zhang and Lei Xu and Leyi Xia and Liang Zhao and Litong Wang and Liyue Zhang and Meng Li and Miaojun Wang and Mingchuan Zhang and Minghua Zhang and Minghui Tang and Mingming Li and Ning Tian and Panpan Huang and Peiyi Wang and Peng Zhang and Qiancheng Wang and Qihao Zhu and Qinyu Chen and Qiushi Du and R. J. Chen and R. L. Jin and Ruiqi Ge and Ruisong Zhang and Ruizhe Pan and Runji Wang and Runxin Xu and Ruoyu Zhang and Ruyi Chen and S. S. Li and Shanghao Lu and Shangyan Zhou and Shanhuang Chen and Shaoqing Wu and Shengfeng Ye and Shengfeng Ye and Shirong Ma and Shiyu Wang and Shuang Zhou and Shuiping Yu and Shunfeng Zhou and Shuting Pan and T. Wang and Tao Yun and Tian Pei and Tianyu Sun and W. L. Xiao and Wangding Zeng and Wanjia Zhao and Wei An and Wen Liu and Wenfeng Liang and Wenjun Gao and Wenqin Yu and Wentao Zhang and X. Q. Li and Xiangyue Jin and Xianzu Wang and Xiao Bi and Xiaodong Liu and Xiaohan Wang and Xiaojin Shen and Xiaokang Chen and Xiaokang Zhang and Xiaosha Chen and Xiaotao Nie and Xiaowen Sun and Xiaoxiang Wang and Xin Cheng and Xin Liu and Xin Xie and Xingchao Liu and Xingkai Yu and Xinnan Song and Xinxia Shan and Xinyi Zhou and Xinyu Yang and Xinyuan Li and Xuecheng Su and Xuheng Lin and Y. K. Li and Y. Q. Wang and Y. X. Wei and Y. X. Zhu and Yang Zhang and Yanhong Xu and Yanhong Xu and Yanping Huang and Yao Li and Yao Zhao and Yaofeng Sun and Yaohui Li and Yaohui Wang and Yi Yu and Yi Zheng and Yichao Zhang and Yifan Shi and Yiliang Xiong and Ying He and Ying Tang and Yishi Piao and Yisong Wang and Yixuan Tan and Yiyang Ma and Yiyuan Liu and Yongqiang Guo and Yu Wu and Yuan Ou and Yuchen Zhu and Yuduan Wang and Yue Gong and Yuheng Zou and Yujia He and Yukun Zha and Yunfan Xiong and Yunxian Ma and Yuting Yan and Yuxiang Luo and Yuxiang You and Yuxuan Liu and Yuyang Zhou and Z. F. Wu and Z. Z. Ren and Zehui Ren and Zhangli Sha and Zhe Fu and Zhean Xu and Zhen Huang and Zhen Zhang and Zhenda Xie and Zhengyan Zhang and Zhewen Hao and Zhibin Gou and Zhicheng Ma and Zhigang Yan and Zhihong Shao and Zhipeng Xu and Zhiyu Wu and Zhongyu Zhang and Zhuoshu Li and Zihui Gu and Zijia Zhu and Zijun Liu and Zilin Li and Ziwei Xie and Ziyang Song and Ziyi Gao and Zizheng Pan},
      year={2025},
      eprint={2412.19437},
      archivePrefix={arXiv},
      primaryClass={cs.CL},
      url={https://arxiv.org/abs/2412.19437}, 
}

@inproceedings{kour2014real,
  title={Real-time segmentation of on-line handwritten arabic script},
  author={Kour, George and Saabne, Raid},
  booktitle={Frontiers in Handwriting Recognition (ICFHR), 2014 14th International Conference on},
  pages={417--422},
  year={2014},
  organization={IEEE}
}

@misc{amazon_s3,
  author = {{Amazon Web Services}},
  title = {Amazon Simple Storage Service (Amazon S3)},
  howpublished = {Web},
  year = {2023},
  note = {Available at: \url{https://aws.amazon.com/s3/}},
  url = {https://aws.amazon.com/s3/},
  urldate = {2023-12-15}
}


@misc{dehghani2023patchnpacknavit,
      title={Patch n' Pack: NaViT, a Vision Transformer for any Aspect Ratio and Resolution}, 
      author={Mostafa Dehghani and Basil Mustafa and Josip Djolonga and Jonathan Heek and Matthias Minderer and Mathilde Caron and Andreas Steiner and Joan Puigcerver and Robert Geirhos and Ibrahim Alabdulmohsin and Avital Oliver and Piotr Padlewski and Alexey Gritsenko and Mario Lučić and Neil Houlsby},
      year={2023},
      eprint={2307.06304},
      archivePrefix={arXiv},
      primaryClass={cs.CV},
      url={https://arxiv.org/abs/2307.06304}, 
}

@misc{yu2022cocacontrastivecaptionersimagetext,
      title={CoCa: Contrastive Captioners are Image-Text Foundation Models}, 
      author={Jiahui Yu and Zirui Wang and Vijay Vasudevan and Legg Yeung and Mojtaba Seyedhosseini and Yonghui Wu},
      year={2022},
      eprint={2205.01917},
      archivePrefix={arXiv},
      primaryClass={cs.CV},
      url={https://arxiv.org/abs/2205.01917}, 
}

@misc{su2023roformerenhancedtransformerrotary,
      title={RoFormer: Enhanced Transformer with Rotary Position Embedding}, 
      author={Jianlin Su and Yu Lu and Shengfeng Pan and Ahmed Murtadha and Bo Wen and Yunfeng Liu},
      year={2023},
      eprint={2104.09864},
      archivePrefix={arXiv},
      primaryClass={cs.CL},
      url={https://arxiv.org/abs/2104.09864}, 
}

@misc{zhai2023sigmoidlosslanguageimage,
      title={Sigmoid Loss for Language Image Pre-Training}, 
      author={Xiaohua Zhai and Basil Mustafa and Alexander Kolesnikov and Lucas Beyer},
      year={2023},
      eprint={2303.15343},
      archivePrefix={arXiv},
      primaryClass={cs.CV},
      url={https://arxiv.org/abs/2303.15343}, 
}

@inproceedings{kour2014fast,
  title={Fast classification of handwritten on-line Arabic characters},
  author={Kour, George and Saabne, Raid},
  booktitle={Soft Computing and Pattern Recognition (SoCPaR), 2014 6th International Conference of},
  pages={312--318},
  year={2014},
  organization={IEEE},
  doi={10.1109/SOCPAR.2014.7008025}
}

@article{hadash2018estimate,
  title={Estimate and Replace: A Novel Approach to Integrating Deep Neural Networks with Existing Applications},
  author={Hadash, Guy and Kermany, Einat and Carmeli, Boaz and Lavi, Ofer and Kour, George and Jacovi, Alon},
  journal={arXiv preprint arXiv:1804.09028},
  year={2018}
}

@misc{li2023starcodersourceyou,
      title={StarCoder: may the source be with you!}, 
      author={Raymond Li and Loubna Ben Allal and Yangtian Zi and Niklas Muennighoff and Denis Kocetkov and Chenghao Mou and Marc Marone and Christopher Akiki and Jia Li and Jenny Chim and Qian Liu and Evgenii Zheltonozhskii and Terry Yue Zhuo and Thomas Wang and Olivier Dehaene and Mishig Davaadorj and Joel Lamy-Poirier and João Monteiro and Oleh Shliazhko and Nicolas Gontier and Nicholas Meade and Armel Zebaze and Ming-Ho Yee and Logesh Kumar Umapathi and Jian Zhu and Benjamin Lipkin and Muhtasham Oblokulov and Zhiruo Wang and Rudra Murthy and Jason Stillerman and Siva Sankalp Patel and Dmitry Abulkhanov and Marco Zocca and Manan Dey and Zhihan Zhang and Nour Fahmy and Urvashi Bhattacharyya and Wenhao Yu and Swayam Singh and Sasha Luccioni and Paulo Villegas and Maxim Kunakov and Fedor Zhdanov and Manuel Romero and Tony Lee and Nadav Timor and Jennifer Ding and Claire Schlesinger and Hailey Schoelkopf and Jan Ebert and Tri Dao and Mayank Mishra and Alex Gu and Jennifer Robinson and Carolyn Jane Anderson and Brendan Dolan-Gavitt and Danish Contractor and Siva Reddy and Daniel Fried and Dzmitry Bahdanau and Yacine Jernite and Carlos Muñoz Ferrandis and Sean Hughes and Thomas Wolf and Arjun Guha and Leandro von Werra and Harm de Vries},
      year={2023},
      eprint={2305.06161},
      archivePrefix={arXiv},
      primaryClass={cs.CL},
      url={https://arxiv.org/abs/2305.06161}, 
}

@misc{lozhkov2024starcoder2stackv2,
      title={StarCoder 2 and The Stack v2: The Next Generation}, 
      author={Anton Lozhkov and Raymond Li and Loubna Ben Allal and Federico Cassano and Joel Lamy-Poirier and Nouamane Tazi and Ao Tang and Dmytro Pykhtar and Jiawei Liu and Yuxiang Wei and Tianyang Liu and Max Tian and Denis Kocetkov and Arthur Zucker and Younes Belkada and Zijian Wang and Qian Liu and Dmitry Abulkhanov and Indraneil Paul and Zhuang Li and Wen-Ding Li and Megan Risdal and Jia Li and Jian Zhu and Terry Yue Zhuo and Evgenii Zheltonozhskii and Nii Osae Osae Dade and Wenhao Yu and Lucas Krauß and Naman Jain and Yixuan Su and Xuanli He and Manan Dey and Edoardo Abati and Yekun Chai and Niklas Muennighoff and Xiangru Tang and Muhtasham Oblokulov and Christopher Akiki and Marc Marone and Chenghao Mou and Mayank Mishra and Alex Gu and Binyuan Hui and Tri Dao and Armel Zebaze and Olivier Dehaene and Nicolas Patry and Canwen Xu and Julian McAuley and Han Hu and Torsten Scholak and Sebastien Paquet and Jennifer Robinson and Carolyn Jane Anderson and Nicolas Chapados and Mostofa Patwary and Nima Tajbakhsh and Yacine Jernite and Carlos Muñoz Ferrandis and Lingming Zhang and Sean Hughes and Thomas Wolf and Arjun Guha and Leandro von Werra and Harm de Vries},
      year={2024},
      eprint={2402.19173},
      archivePrefix={arXiv},
      primaryClass={cs.SE},
      url={https://arxiv.org/abs/2402.19173}, 
}


@article{schuhmann2022laion,
  title={Laion-5b: An open large-scale dataset for training next generation image-text models},
  author={Schuhmann, Christoph and Beaumont, Romain and Vencu, Richard and Gordon, Cade and Wightman, Ross and Cherti, Mehdi and Coombes, Theo and Katta, Aarush and Mullis, Clayton and Wortsman, Mitchell and others},
  journal={Advances in Neural Information Processing Systems},
  volume={35},
  pages={25278--25294},
  year={2022}
}


@article{gadre2024datacomp,
  title={Datacomp: In search of the next generation of multimodal datasets},
  author={Gadre, Samir Yitzhak and Ilharco, Gabriel and Fang, Alex and Hayase, Jonathan and Smyrnis, Georgios and Nguyen, Thao and Marten, Ryan and Wortsman, Mitchell and Ghosh, Dhruba and Zhang, Jieyu and others},
  journal={Advances in Neural Information Processing Systems},
  volume={36},
  year={2024}
}

@article{zhu2024multimodal,
  title={Multimodal c4: An open, billion-scale corpus of images interleaved with text},
  author={Zhu, Wanrong and Hessel, Jack and Awadalla, Anas and Gadre, Samir Yitzhak and Dodge, Jesse and Fang, Alex and Yu, Youngjae and Schmidt, Ludwig and Wang, William Yang and Choi, Yejin},
  journal={Advances in Neural Information Processing Systems},
  volume={36},
  year={2024}
}

@article{laurenccon2024obelics,
  title={Obelics: An open web-scale filtered dataset of interleaved image-text documents},
  author={Lauren{\c{c}}on, Hugo and Saulnier, Lucile and Tronchon, L{\'e}o and Bekman, Stas and Singh, Amanpreet and Lozhkov, Anton and Wang, Thomas and Karamcheti, Siddharth and Rush, Alexander and Kiela, Douwe and others},
  journal={Advances in Neural Information Processing Systems},
  volume={36},
  year={2024}
}

@article{peng2023yarn,
  title={Yarn: Efficient context window extension of large language models},
  author={Peng, Bowen and Quesnelle, Jeffrey and Fan, Honglu and Shippole, Enrico},
  journal={arXiv preprint arXiv:2309.00071},
  year={2023}
}


@ARTICLE{10103177,
  author={Cassano, Federico and Gouwar, John and Nguyen, Daniel and Nguyen, Sydney and Phipps-Costin, Luna and Pinckney, Donald and Yee, Ming-Ho and Zi, Yangtian and Anderson, Carolyn Jane and Feldman, Molly Q and Guha, Arjun and Greenberg, Michael and Jangda, Abhinav},
  journal={IEEE Transactions on Software Engineering}, 
  title={MultiPL-E: A Scalable and Polyglot Approach to Benchmarking Neural Code Generation}, 
  year={2023},
  volume={49},
  number={7},
  pages={3675-3691},
  keywords={Codes;Benchmark testing;Python;Programming;Natural languages;Task analysis;Syntactics;B.2.3 reliability, testing, and fault-tolerance;I.5.1.D neural nets},
  doi={10.1109/TSE.2023.3267446}}


@article{hart1968formal,
  title={A formal basis for the heuristic determination of minimum cost paths},
  author={Hart, Peter E and Nilsson, Nils J and Raphael, Bertram},
  journal={IEEE transactions on Systems Science and Cybernetics},
  volume={4},
  number={2},
  pages={100--107},
  year={1968},
  publisher={IEEE}
}

@inproceedings{coulom2006efficient,
  title={Efficient selectivity and backup operators in Monte-Carlo tree search},
  author={Coulom, R{\'e}mi},
  booktitle={International conference on computers and games},
  pages={72--83},
  year={2006},
  organization={Springer}
}

@inproceedings{kocsis2006bandit,
  title={Bandit based monte-carlo planning},
  author={Kocsis, Levente and Szepesv{\'a}ri, Csaba},
  booktitle={European conference on machine learning},
  pages={282--293},
  year={2006},
  organization={Springer}
}

@article{yao2024tree,
  title={Tree of thoughts: Deliberate problem solving with large language models},
  author={Yao, Shunyu and Yu, Dian and Zhao, Jeffrey and Shafran, Izhak and Griffiths, Tom and Cao, Yuan and Narasimhan, Karthik},
  journal={Advances in Neural Information Processing Systems},
  volume={36},
  year={2024}
}

@article{wu2024inference,
  title={Inference scaling laws: An empirical analysis of compute-optimal inference for problem-solving with language models},
  author={Wu, Yangzhen and Sun, Zhiqing and Li, Shanda and Welleck, Sean and Yang, Yiming},
  journal={arXiv preprint arXiv:2408.00724},
  year={2024}
}

@article{snell2024scaling,
  title={Scaling llm test-time compute optimally can be more effective than scaling model parameters},
  author={Snell, Charlie and Lee, Jaehoon and Xu, Kelvin and Kumar, Aviral},
  journal={arXiv preprint arXiv:2408.03314},
  year={2024}
}

@article{wei2022chain,
  title={Chain-of-thought prompting elicits reasoning in large language models},
  author={Wei, Jason and Wang, Xuezhi and Schuurmans, Dale and Bosma, Maarten and Xia, Fei and Chi, Ed and Le, Quoc V and Zhou, Denny and others},
  journal={Advances in neural information processing systems},
  volume={35},
  pages={24824--24837},
  year={2022}
}

@article{zhang2408generative,
  title={Generative verifiers: Reward modeling as next-token prediction, 2024},
  author={Zhang, Lunjun and Hosseini, Arian and Bansal, Hritik and Kazemi, Mehran and Kumar, Aviral and Agarwal, Rishabh},
  journal={URL https://arxiv. org/abs/2408.15240},
  year={2024}
}

@article{ahmadian2024back,
  title={Back to basics: Revisiting reinforce style optimization for learning from human feedback in llms},
  author={Ahmadian, Arash and Cremer, Chris and Gall{\'e}, Matthias and Fadaee, Marzieh and Kreutzer, Julia and Pietquin, Olivier and {\"U}st{\"u}n, Ahmet and Hooker, Sara},
  journal={arXiv preprint arXiv:2402.14740},
  year={2024}
}

@inproceedings{abbasi2019politex,
  title={Politex: Regret bounds for policy iteration using expert prediction},
  author={Abbasi-Yadkori, Yasin and Bartlett, Peter and Bhatia, Kush and Lazic, Nevena and Szepesvari, Csaba and Weisz, Gell{\'e}rt},
  booktitle={International Conference on Machine Learning},
  pages={3692--3702},
  year={2019},
  organization={PMLR}
}

@inproceedings{mei2019principled,
  title={On principled entropy exploration in policy optimization},
  author={Mei, Jincheng and Xiao, Chenjun and Huang, Ruitong and Schuurmans, Dale and M{\"u}ller, Martin},
  booktitle={Proceedings of the 28th International Joint Conference on Artificial Intelligence},
  pages={3130--3136},
  year={2019}
}

@article{tomar2020mirror,
  title={Mirror descent policy optimization},
  author={Tomar, Manan and Shani, Lior and Efroni, Yonathan and Ghavamzadeh, Mohammad},
  journal={arXiv preprint arXiv:2005.09814},
  year={2020}
}

@article{nachum2017bridging,
  title={Bridging the gap between value and policy based reinforcement learning},
  author={Nachum, Ofir and Norouzi, Mohammad and Xu, Kelvin and Schuurmans, Dale},
  journal={Advances in neural information processing systems},
  volume={30},
  year={2017}
}

@article{kool2019buy,
  title={Buy 4 reinforce samples, get a baseline for free!},
  author={Kool, Wouter and van Hoof, Herke and Welling, Max},
  year={2019}
}

@article{su2024roformer,
  title={Roformer: Enhanced transformer with rotary position embedding},
  author={Su, Jianlin and Ahmed, Murtadha and Lu, Yu and Pan, Shengfeng and Bo, Wen and Liu, Yunfeng},
  journal={Neurocomputing},
  volume={568},
  pages={127063},
  year={2024},
  publisher={Elsevier}
}

@article{o12024,
  title={Learning to reason with LLMs},
  author={OpenAI},
  year={2024},
  url={https://openai.com/index/learning-to-reason-with-llms/},
}

@misc{wu2024deepseekvl2mixtureofexpertsvisionlanguagemodels,
      title={DeepSeek-VL2: Mixture-of-Experts Vision-Language Models for Advanced Multimodal Understanding}, 
      author={Zhiyu Wu and Xiaokang Chen and Zizheng Pan and Xingchao Liu and Wen Liu and Damai Dai and Huazuo Gao and Yiyang Ma and Chengyue Wu and Bingxuan Wang and Zhenda Xie and Yu Wu and Kai Hu and Jiawei Wang and Yaofeng Sun and Yukun Li and Yishi Piao and Kang Guan and Aixin Liu and Xin Xie and Yuxiang You and Kai Dong and Xingkai Yu and Haowei Zhang and Liang Zhao and Yisong Wang and Chong Ruan},
      year={2024},
      eprint={2412.10302},
      archivePrefix={arXiv},
      primaryClass={cs.CV},
      url={https://arxiv.org/abs/2412.10302}, 
}

@misc{li2024llavaonevisioneasyvisualtask,
      title={LLaVA-OneVision: Easy Visual Task Transfer}, 
      author={Bo Li and Yuanhan Zhang and Dong Guo and Renrui Zhang and Feng Li and Hao Zhang and Kaichen Zhang and Peiyuan Zhang and Yanwei Li and Ziwei Liu and Chunyuan Li},
      year={2024},
      eprint={2408.03326},
      archivePrefix={arXiv},
      primaryClass={cs.CV},
      url={https://arxiv.org/abs/2408.03326}, 
}

@misc{tong2024cambrian1fullyopenvisioncentric,
      title={Cambrian-1: A Fully Open, Vision-Centric Exploration of Multimodal LLMs}, 
      author={Shengbang Tong and Ellis Brown and Penghao Wu and Sanghyun Woo and Manoj Middepogu and Sai Charitha Akula and Jihan Yang and Shusheng Yang and Adithya Iyer and Xichen Pan and Ziteng Wang and Rob Fergus and Yann LeCun and Saining Xie},
      year={2024},
      eprint={2406.16860},
      archivePrefix={arXiv},
      primaryClass={cs.CV},
      url={https://arxiv.org/abs/2406.16860}, 
}

@misc{fu2024dataengineeringscalinglanguage,
      title={Data Engineering for Scaling Language Models to 128K Context}, 
      author={Yao Fu and Rameswar Panda and Xinyao Niu and Xiang Yue and Hannaneh Hajishirzi and Yoon Kim and Hao Peng},
      year={2024},
      eprint={2402.10171},
      archivePrefix={arXiv},
      primaryClass={cs.CL},
      url={https://arxiv.org/abs/2402.10171}, 
}

@misc{guo2024mammothvlelicitingmultimodalreasoning,
      title={MAmmoTH-VL: Eliciting Multimodal Reasoning with Instruction Tuning at Scale}, 
      author={Jarvis Guo and Tuney Zheng and Yuelin Bai and Bo Li and Yubo Wang and King Zhu and Yizhi Li and Graham Neubig and Wenhu Chen and Xiang Yue},
      year={2024},
      eprint={2412.05237},
      archivePrefix={arXiv},
      primaryClass={cs.CL},
      url={https://arxiv.org/abs/2412.05237}, 
}

@misc{li2024ariaopenmultimodalnative,
      title={Aria: An Open Multimodal Native Mixture-of-Experts Model}, 
      author={Dongxu Li and Yudong Liu and Haoning Wu and Yue Wang and Zhiqi Shen and Bowen Qu and Xinyao Niu and Guoyin Wang and Bei Chen and Junnan Li},
      year={2024},
      eprint={2410.05993},
      archivePrefix={arXiv},
      primaryClass={cs.CV},
      url={https://arxiv.org/abs/2410.05993}, 
}

@misc{gemmateam2025gemma3technicalreport,
      title={Gemma 3 Technical Report}, 
      author={Gemma Team and Aishwarya Kamath and Johan Ferret and Shreya Pathak and Nino Vieillard and Ramona Merhej and Sarah Perrin and Tatiana Matejovicova and Alexandre Ramé and Morgane Rivière and Louis Rouillard and Thomas Mesnard and Geoffrey Cideron and Jean-bastien Grill and Sabela Ramos and Edouard Yvinec and Michelle Casbon and Etienne Pot and Ivo Penchev and Gaël Liu and Francesco Visin and Kathleen Kenealy and Lucas Beyer and Xiaohai Zhai and Anton Tsitsulin and Robert Busa-Fekete and Alex Feng and Noveen Sachdeva and Benjamin Coleman and Yi Gao and Basil Mustafa and Iain Barr and Emilio Parisotto and David Tian and Matan Eyal and Colin Cherry and Jan-Thorsten Peter and Danila Sinopalnikov and Surya Bhupatiraju and Rishabh Agarwal and Mehran Kazemi and Dan Malkin and Ravin Kumar and David Vilar and Idan Brusilovsky and Jiaming Luo and Andreas Steiner and Abe Friesen and Abhanshu Sharma and Abheesht Sharma and Adi Mayrav Gilady and Adrian Goedeckemeyer and Alaa Saade and Alex Feng and Alexander Kolesnikov and Alexei Bendebury and Alvin Abdagic and Amit Vadi and András György and André Susano Pinto and Anil Das and Ankur Bapna and Antoine Miech and Antoine Yang and Antonia Paterson and Ashish Shenoy and Ayan Chakrabarti and Bilal Piot and Bo Wu and Bobak Shahriari and Bryce Petrini and Charlie Chen and Charline Le Lan and Christopher A. Choquette-Choo and CJ Carey and Cormac Brick and Daniel Deutsch and Danielle Eisenbud and Dee Cattle and Derek Cheng and Dimitris Paparas and Divyashree Shivakumar Sreepathihalli and Doug Reid and Dustin Tran and Dustin Zelle and Eric Noland and Erwin Huizenga and Eugene Kharitonov and Frederick Liu and Gagik Amirkhanyan and Glenn Cameron and Hadi Hashemi and Hanna Klimczak-Plucińska and Harman Singh and Harsh Mehta and Harshal Tushar Lehri and Hussein Hazimeh and Ian Ballantyne and Idan Szpektor and Ivan Nardini and Jean Pouget-Abadie and Jetha Chan and Joe Stanton and John Wieting and Jonathan Lai and Jordi Orbay and Joseph Fernandez and Josh Newlan and Ju-yeong Ji and Jyotinder Singh and Kat Black and Kathy Yu and Kevin Hui and Kiran Vodrahalli and Klaus Greff and Linhai Qiu and Marcella Valentine and Marina Coelho and Marvin Ritter and Matt Hoffman and Matthew Watson and Mayank Chaturvedi and Michael Moynihan and Min Ma and Nabila Babar and Natasha Noy and Nathan Byrd and Nick Roy and Nikola Momchev and Nilay Chauhan and Noveen Sachdeva and Oskar Bunyan and Pankil Botarda and Paul Caron and Paul Kishan Rubenstein and Phil Culliton and Philipp Schmid and Pier Giuseppe Sessa and Pingmei Xu and Piotr Stanczyk and Pouya Tafti and Rakesh Shivanna and Renjie Wu and Renke Pan and Reza Rokni and Rob Willoughby and Rohith Vallu and Ryan Mullins and Sammy Jerome and Sara Smoot and Sertan Girgin and Shariq Iqbal and Shashir Reddy and Shruti Sheth and Siim Põder and Sijal Bhatnagar and Sindhu Raghuram Panyam and Sivan Eiger and Susan Zhang and Tianqi Liu and Trevor Yacovone and Tyler Liechty and Uday Kalra and Utku Evci and Vedant Misra and Vincent Roseberry and Vlad Feinberg and Vlad Kolesnikov and Woohyun Han and Woosuk Kwon and Xi Chen and Yinlam Chow and Yuvein Zhu and Zichuan Wei and Zoltan Egyed and Victor Cotruta and Minh Giang and Phoebe Kirk and Anand Rao and Kat Black and Nabila Babar and Jessica Lo and Erica Moreira and Luiz Gustavo Martins and Omar Sanseviero and Lucas Gonzalez and Zach Gleicher and Tris Warkentin and Vahab Mirrokni and Evan Senter and Eli Collins and Joelle Barral and Zoubin Ghahramani and Raia Hadsell and Yossi Matias and D. Sculley and Slav Petrov and Noah Fiedel and Noam Shazeer and Oriol Vinyals and Jeff Dean and Demis Hassabis and Koray Kavukcuoglu and Clement Farabet and Elena Buchatskaya and Jean-Baptiste Alayrac and Rohan Anil and Dmitry and Lepikhin and Sebastian Borgeaud and Olivier Bachem and Armand Joulin and Alek Andreev and Cassidy Hardin and Robert Dadashi and Léonard Hussenot},
      year={2025},
      eprint={2503.19786},
      archivePrefix={arXiv},
      primaryClass={cs.CL},
      url={https://arxiv.org/abs/2503.19786}, 
}

@misc{bai2025qwen25vltechnicalreport,
      title={Qwen2.5-VL Technical Report}, 
      author={Shuai Bai and Keqin Chen and Xuejing Liu and Jialin Wang and Wenbin Ge and Sibo Song and Kai Dang and Peng Wang and Shijie Wang and Jun Tang and Humen Zhong and Yuanzhi Zhu and Mingkun Yang and Zhaohai Li and Jianqiang Wan and Pengfei Wang and Wei Ding and Zheren Fu and Yiheng Xu and Jiabo Ye and Xi Zhang and Tianbao Xie and Zesen Cheng and Hang Zhang and Zhibo Yang and Haiyang Xu and Junyang Lin},
      year={2025},
      eprint={2502.13923},
      archivePrefix={arXiv},
      primaryClass={cs.CV},
      url={https://arxiv.org/abs/2502.13923}, 
}

@misc{deepseekai2025deepseekr1incentivizingreasoningcapability,
      title={DeepSeek-R1: Incentivizing Reasoning Capability in LLMs via Reinforcement Learning}, 
      author={DeepSeek-AI and Daya Guo and Dejian Yang and Haowei Zhang and Junxiao Song and Ruoyu Zhang and Runxin Xu and Qihao Zhu and Shirong Ma and Peiyi Wang and Xiao Bi and Xiaokang Zhang and Xingkai Yu and Yu Wu and Z. F. Wu and Zhibin Gou and Zhihong Shao and Zhuoshu Li and Ziyi Gao and Aixin Liu and Bing Xue and Bingxuan Wang and Bochao Wu and Bei Feng and Chengda Lu and Chenggang Zhao and Chengqi Deng and Chenyu Zhang and Chong Ruan and Damai Dai and Deli Chen and Dongjie Ji and Erhang Li and Fangyun Lin and Fucong Dai and Fuli Luo and Guangbo Hao and Guanting Chen and Guowei Li and H. Zhang and Han Bao and Hanwei Xu and Haocheng Wang and Honghui Ding and Huajian Xin and Huazuo Gao and Hui Qu and Hui Li and Jianzhong Guo and Jiashi Li and Jiawei Wang and Jingchang Chen and Jingyang Yuan and Junjie Qiu and Junlong Li and J. L. Cai and Jiaqi Ni and Jian Liang and Jin Chen and Kai Dong and Kai Hu and Kaige Gao and Kang Guan and Kexin Huang and Kuai Yu and Lean Wang and Lecong Zhang and Liang Zhao and Litong Wang and Liyue Zhang and Lei Xu and Leyi Xia and Mingchuan Zhang and Minghua Zhang and Minghui Tang and Meng Li and Miaojun Wang and Mingming Li and Ning Tian and Panpan Huang and Peng Zhang and Qiancheng Wang and Qinyu Chen and Qiushi Du and Ruiqi Ge and Ruisong Zhang and Ruizhe Pan and Runji Wang and R. J. Chen and R. L. Jin and Ruyi Chen and Shanghao Lu and Shangyan Zhou and Shanhuang Chen and Shengfeng Ye and Shiyu Wang and Shuiping Yu and Shunfeng Zhou and Shuting Pan and S. S. Li and Shuang Zhou and Shaoqing Wu and Shengfeng Ye and Tao Yun and Tian Pei and Tianyu Sun and T. Wang and Wangding Zeng and Wanjia Zhao and Wen Liu and Wenfeng Liang and Wenjun Gao and Wenqin Yu and Wentao Zhang and W. L. Xiao and Wei An and Xiaodong Liu and Xiaohan Wang and Xiaokang Chen and Xiaotao Nie and Xin Cheng and Xin Liu and Xin Xie and Xingchao Liu and Xinyu Yang and Xinyuan Li and Xuecheng Su and Xuheng Lin and X. Q. Li and Xiangyue Jin and Xiaojin Shen and Xiaosha Chen and Xiaowen Sun and Xiaoxiang Wang and Xinnan Song and Xinyi Zhou and Xianzu Wang and Xinxia Shan and Y. K. Li and Y. Q. Wang and Y. X. Wei and Yang Zhang and Yanhong Xu and Yao Li and Yao Zhao and Yaofeng Sun and Yaohui Wang and Yi Yu and Yichao Zhang and Yifan Shi and Yiliang Xiong and Ying He and Yishi Piao and Yisong Wang and Yixuan Tan and Yiyang Ma and Yiyuan Liu and Yongqiang Guo and Yuan Ou and Yuduan Wang and Yue Gong and Yuheng Zou and Yujia He and Yunfan Xiong and Yuxiang Luo and Yuxiang You and Yuxuan Liu and Yuyang Zhou and Y. X. Zhu and Yanhong Xu and Yanping Huang and Yaohui Li and Yi Zheng and Yuchen Zhu and Yunxian Ma and Ying Tang and Yukun Zha and Yuting Yan and Z. Z. Ren and Zehui Ren and Zhangli Sha and Zhe Fu and Zhean Xu and Zhenda Xie and Zhengyan Zhang and Zhewen Hao and Zhicheng Ma and Zhigang Yan and Zhiyu Wu and Zihui Gu and Zijia Zhu and Zijun Liu and Zilin Li and Ziwei Xie and Ziyang Song and Zizheng Pan and Zhen Huang and Zhipeng Xu and Zhongyu Zhang and Zhen Zhang},
      year={2025},
      eprint={2501.12948},
      archivePrefix={arXiv},
      primaryClass={cs.CL},
      url={https://arxiv.org/abs/2501.12948}, 
}

@misc{geminiteam2024gemini15unlockingmultimodal,
      title={Gemini 1.5: Unlocking multimodal understanding across millions of tokens of context}, 
      author={Gemini Team and Petko Georgiev and Ving Ian Lei and Ryan Burnell and Libin Bai and Anmol Gulati and Garrett Tanzer and Damien Vincent and Zhufeng Pan and Shibo Wang and Soroosh Mariooryad and Yifan Ding and Xinyang Geng and Fred Alcober and Roy Frostig and Mark Omernick and Lexi Walker and Cosmin Paduraru and Christina Sorokin and Andrea Tacchetti and Colin Gaffney and Samira Daruki and Olcan Sercinoglu and Zach Gleicher and Juliette Love and Paul Voigtlaender and Rohan Jain and Gabriela Surita and Kareem Mohamed and Rory Blevins and Junwhan Ahn and Tao Zhu and Kornraphop Kawintiranon and Orhan Firat and Yiming Gu and Yujing Zhang and Matthew Rahtz and Manaal Faruqui and Natalie Clay and Justin Gilmer and JD Co-Reyes and Ivo Penchev and Rui Zhu and Nobuyuki Morioka and Kevin Hui and Krishna Haridasan and Victor Campos and Mahdis Mahdieh and Mandy Guo and Samer Hassan and Kevin Kilgour and Arpi Vezer and Heng-Tze Cheng and Raoul de Liedekerke and Siddharth Goyal and Paul Barham and DJ Strouse and Seb Noury and Jonas Adler and Mukund Sundararajan and Sharad Vikram and Dmitry Lepikhin and Michela Paganini and Xavier Garcia and Fan Yang and Dasha Valter and Maja Trebacz and Kiran Vodrahalli and Chulayuth Asawaroengchai and Roman Ring and Norbert Kalb and Livio Baldini Soares and Siddhartha Brahma and David Steiner and Tianhe Yu and Fabian Mentzer and Antoine He and Lucas Gonzalez and Bibo Xu and Raphael Lopez Kaufman and Laurent El Shafey and Junhyuk Oh and Tom Hennigan and George van den Driessche and Seth Odoom and Mario Lucic and Becca Roelofs and Sid Lall and Amit Marathe and Betty Chan and Santiago Ontanon and Luheng He and Denis Teplyashin and Jonathan Lai and Phil Crone and Bogdan Damoc and Lewis Ho and Sebastian Riedel and Karel Lenc and Chih-Kuan Yeh and Aakanksha Chowdhery and Yang Xu and Mehran Kazemi and Ehsan Amid and Anastasia Petrushkina and Kevin Swersky and Ali Khodaei and Gowoon Chen and Chris Larkin and Mario Pinto and Geng Yan and Adria Puigdomenech Badia and Piyush Patil and Steven Hansen and Dave Orr and Sebastien M. R. Arnold and Jordan Grimstad and Andrew Dai and Sholto Douglas and Rishika Sinha and Vikas Yadav and Xi Chen and Elena Gribovskaya and Jacob Austin and Jeffrey Zhao and Kaushal Patel and Paul Komarek and Sophia Austin and Sebastian Borgeaud and Linda Friso and Abhimanyu Goyal and Ben Caine and Kris Cao and Da-Woon Chung and Matthew Lamm and Gabe Barth-Maron and Thais Kagohara and Kate Olszewska and Mia Chen and Kaushik Shivakumar and Rishabh Agarwal and Harshal Godhia and Ravi Rajwar and Javier Snaider and Xerxes Dotiwalla and Yuan Liu and Aditya Barua and Victor Ungureanu and Yuan Zhang and Bat-Orgil Batsaikhan and Mateo Wirth and James Qin and Ivo Danihelka and Tulsee Doshi and Martin Chadwick and Jilin Chen and Sanil Jain and Quoc Le and Arjun Kar and Madhu Gurumurthy and Cheng Li and Ruoxin Sang and Fangyu Liu and Lampros Lamprou and Rich Munoz and Nathan Lintz and Harsh Mehta and Heidi Howard and Malcolm Reynolds and Lora Aroyo and Quan Wang and Lorenzo Blanco and Albin Cassirer and Jordan Griffith and Dipanjan Das and Stephan Lee and Jakub Sygnowski and Zach Fisher and James Besley and Richard Powell and Zafarali Ahmed and Dominik Paulus and David Reitter and Zalan Borsos and Rishabh Joshi and Aedan Pope and Steven Hand and Vittorio Selo and Vihan Jain and Nikhil Sethi and Megha Goel and Takaki Makino and Rhys May and Zhen Yang and Johan Schalkwyk and Christina Butterfield and Anja Hauth and Alex Goldin and Will Hawkins and Evan Senter and Sergey Brin and Oliver Woodman and Marvin Ritter and Eric Noland and Minh Giang and Vijay Bolina and Lisa Lee and Tim Blyth and Ian Mackinnon and Machel Reid and Obaid Sarvana and David Silver and Alexander Chen and Lily Wang and Loren Maggiore and Oscar Chang and Nithya Attaluri and Gregory Thornton and Chung-Cheng Chiu and Oskar Bunyan and Nir Levine and Timothy Chung and Evgenii Eltyshev and Xiance Si and Timothy Lillicrap and Demetra Brady and Vaibhav Aggarwal and Boxi Wu and Yuanzhong Xu and Ross McIlroy and Kartikeya Badola and Paramjit Sandhu and Erica Moreira and Wojciech Stokowiec and Ross Hemsley and Dong Li and Alex Tudor and Pranav Shyam and Elahe Rahimtoroghi and Salem Haykal and Pablo Sprechmann and Xiang Zhou and Diana Mincu and Yujia Li and Ravi Addanki and Kalpesh Krishna and Xiao Wu and Alexandre Frechette and Matan Eyal and Allan Dafoe and Dave Lacey and Jay Whang and Thi Avrahami and Ye Zhang and Emanuel Taropa and Hanzhao Lin and Daniel Toyama and Eliza Rutherford and Motoki Sano and HyunJeong Choe and Alex Tomala and Chalence Safranek-Shrader and Nora Kassner and Mantas Pajarskas and Matt Harvey and Sean Sechrist and Meire Fortunato and Christina Lyu and Gamaleldin Elsayed and Chenkai Kuang and James Lottes and Eric Chu and Chao Jia and Chih-Wei Chen and Peter Humphreys and Kate Baumli and Connie Tao and Rajkumar Samuel and Cicero Nogueira dos Santos and Anders Andreassen and Nemanja Rakićević and Dominik Grewe and Aviral Kumar and Stephanie Winkler and Jonathan Caton and Andrew Brock and Sid Dalmia and Hannah Sheahan and Iain Barr and Yingjie Miao and Paul Natsev and Jacob Devlin and Feryal Behbahani and Flavien Prost and Yanhua Sun and Artiom Myaskovsky and Thanumalayan Sankaranarayana Pillai and Dan Hurt and Angeliki Lazaridou and Xi Xiong and Ce Zheng and Fabio Pardo and Xiaowei Li and Dan Horgan and Joe Stanton and Moran Ambar and Fei Xia and Alejandro Lince and Mingqiu Wang and Basil Mustafa and Albert Webson and Hyo Lee and Rohan Anil and Martin Wicke and Timothy Dozat and Abhishek Sinha and Enrique Piqueras and Elahe Dabir and Shyam Upadhyay and Anudhyan Boral and Lisa Anne Hendricks and Corey Fry and Josip Djolonga and Yi Su and Jake Walker and Jane Labanowski and Ronny Huang and Vedant Misra and Jeremy Chen and RJ Skerry-Ryan and Avi Singh and Shruti Rijhwani and Dian Yu and Alex Castro-Ros and Beer Changpinyo and Romina Datta and Sumit Bagri and Arnar Mar Hrafnkelsson and Marcello Maggioni and Daniel Zheng and Yury Sulsky and Shaobo Hou and Tom Le Paine and Antoine Yang and Jason Riesa and Dominika Rogozinska and Dror Marcus and Dalia El Badawy and Qiao Zhang and Luyu Wang and Helen Miller and Jeremy Greer and Lars Lowe Sjos and Azade Nova and Heiga Zen and Rahma Chaabouni and Mihaela Rosca and Jiepu Jiang and Charlie Chen and Ruibo Liu and Tara Sainath and Maxim Krikun and Alex Polozov and Jean-Baptiste Lespiau and Josh Newlan and Zeyncep Cankara and Soo Kwak and Yunhan Xu and Phil Chen and Andy Coenen and Clemens Meyer and Katerina Tsihlas and Ada Ma and Juraj Gottweis and Jinwei Xing and Chenjie Gu and Jin Miao and Christian Frank and Zeynep Cankara and Sanjay Ganapathy and Ishita Dasgupta and Steph Hughes-Fitt and Heng Chen and David Reid and Keran Rong and Hongmin Fan and Joost van Amersfoort and Vincent Zhuang and Aaron Cohen and Shixiang Shane Gu and Anhad Mohananey and Anastasija Ilic and Taylor Tobin and John Wieting and Anna Bortsova and Phoebe Thacker and Emma Wang and Emily Caveness and Justin Chiu and Eren Sezener and Alex Kaskasoli and Steven Baker and Katie Millican and Mohamed Elhawaty and Kostas Aisopos and Carl Lebsack and Nathan Byrd and Hanjun Dai and Wenhao Jia and Matthew Wiethoff and Elnaz Davoodi and Albert Weston and Lakshman Yagati and Arun Ahuja and Isabel Gao and Golan Pundak and Susan Zhang and Michael Azzam and Khe Chai Sim and Sergi Caelles and James Keeling and Abhanshu Sharma and Andy Swing and YaGuang Li and Chenxi Liu and Carrie Grimes Bostock and Yamini Bansal and Zachary Nado and Ankesh Anand and Josh Lipschultz and Abhijit Karmarkar and Lev Proleev and Abe Ittycheriah and Soheil Hassas Yeganeh and George Polovets and Aleksandra Faust and Jiao Sun and Alban Rrustemi and Pen Li and Rakesh Shivanna and Jeremiah Liu and Chris Welty and Federico Lebron and Anirudh Baddepudi and Sebastian Krause and Emilio Parisotto and Radu Soricut and Zheng Xu and Dawn Bloxwich and Melvin Johnson and Behnam Neyshabur and Justin Mao-Jones and Renshen Wang and Vinay Ramasesh and Zaheer Abbas and Arthur Guez and Constant Segal and Duc Dung Nguyen and James Svensson and Le Hou and Sarah York and Kieran Milan and Sophie Bridgers and Wiktor Gworek and Marco Tagliasacchi and James Lee-Thorp and Michael Chang and Alexey Guseynov and Ale Jakse Hartman and Michael Kwong and Ruizhe Zhao and Sheleem Kashem and Elizabeth Cole and Antoine Miech and Richard Tanburn and Mary Phuong and Filip Pavetic and Sebastien Cevey and Ramona Comanescu and Richard Ives and Sherry Yang and Cosmo Du and Bo Li and Zizhao Zhang and Mariko Iinuma and Clara Huiyi Hu and Aurko Roy and Shaan Bijwadia and Zhenkai Zhu and Danilo Martins and Rachel Saputro and Anita Gergely and Steven Zheng and Dawei Jia and Ioannis Antonoglou and Adam Sadovsky and Shane Gu and Yingying Bi and Alek Andreev and Sina Samangooei and Mina Khan and Tomas Kocisky and Angelos Filos and Chintu Kumar and Colton Bishop and Adams Yu and Sarah Hodkinson and Sid Mittal and Premal Shah and Alexandre Moufarek and Yong Cheng and Adam Bloniarz and Jaehoon Lee and Pedram Pejman and Paul Michel and Stephen Spencer and Vladimir Feinberg and Xuehan Xiong and Nikolay Savinov and Charlotte Smith and Siamak Shakeri and Dustin Tran and Mary Chesus and Bernd Bohnet and George Tucker and Tamara von Glehn and Carrie Muir and Yiran Mao and Hideto Kazawa and Ambrose Slone and Kedar Soparkar and Disha Shrivastava and James Cobon-Kerr and Michael Sharman and Jay Pavagadhi and Carlos Araya and Karolis Misiunas and Nimesh Ghelani and Michael Laskin and David Barker and Qiujia Li and Anton Briukhov and Neil Houlsby and Mia Glaese and Balaji Lakshminarayanan and Nathan Schucher and Yunhao Tang and Eli Collins and Hyeontaek Lim and Fangxiaoyu Feng and Adria Recasens and Guangda Lai and Alberto Magni and Nicola De Cao and Aditya Siddhant and Zoe Ashwood and Jordi Orbay and Mostafa Dehghani and Jenny Brennan and Yifan He and Kelvin Xu and Yang Gao and Carl Saroufim and James Molloy and Xinyi Wu and Seb Arnold and Solomon Chang and Julian Schrittwieser and Elena Buchatskaya and Soroush Radpour and Martin Polacek and Skye Giordano and Ankur Bapna and Simon Tokumine and Vincent Hellendoorn and Thibault Sottiaux and Sarah Cogan and Aliaksei Severyn and Mohammad Saleh and Shantanu Thakoor and Laurent Shefey and Siyuan Qiao and Meenu Gaba and Shuo-yiin Chang and Craig Swanson and Biao Zhang and Benjamin Lee and Paul Kishan Rubenstein and Gan Song and Tom Kwiatkowski and Anna Koop and Ajay Kannan and David Kao and Parker Schuh and Axel Stjerngren and Golnaz Ghiasi and Gena Gibson and Luke Vilnis and Ye Yuan and Felipe Tiengo Ferreira and Aishwarya Kamath and Ted Klimenko and Ken Franko and Kefan Xiao and Indro Bhattacharya and Miteyan Patel and Rui Wang and Alex Morris and Robin Strudel and Vivek Sharma and Peter Choy and Sayed Hadi Hashemi and Jessica Landon and Mara Finkelstein and Priya Jhakra and Justin Frye and Megan Barnes and Matthew Mauger and Dennis Daun and Khuslen Baatarsukh and Matthew Tung and Wael Farhan and Henryk Michalewski and Fabio Viola and Felix de Chaumont Quitry and Charline Le Lan and Tom Hudson and Qingze Wang and Felix Fischer and Ivy Zheng and Elspeth White and Anca Dragan and Jean-baptiste Alayrac and Eric Ni and Alexander Pritzel and Adam Iwanicki and Michael Isard and Anna Bulanova and Lukas Zilka and Ethan Dyer and Devendra Sachan and Srivatsan Srinivasan and Hannah Muckenhirn and Honglong Cai and Amol Mandhane and Mukarram Tariq and Jack W. Rae and Gary Wang and Kareem Ayoub and Nicholas FitzGerald and Yao Zhao and Woohyun Han and Chris Alberti and Dan Garrette and Kashyap Krishnakumar and Mai Gimenez and Anselm Levskaya and Daniel Sohn and Josip Matak and Inaki Iturrate and Michael B. Chang and Jackie Xiang and Yuan Cao and Nishant Ranka and Geoff Brown and Adrian Hutter and Vahab Mirrokni and Nanxin Chen and Kaisheng Yao and Zoltan Egyed and Francois Galilee and Tyler Liechty and Praveen Kallakuri and Evan Palmer and Sanjay Ghemawat and Jasmine Liu and David Tao and Chloe Thornton and Tim Green and Mimi Jasarevic and Sharon Lin and Victor Cotruta and Yi-Xuan Tan and Noah Fiedel and Hongkun Yu and Ed Chi and Alexander Neitz and Jens Heitkaemper and Anu Sinha and Denny Zhou and Yi Sun and Charbel Kaed and Brice Hulse and Swaroop Mishra and Maria Georgaki and Sneha Kudugunta and Clement Farabet and Izhak Shafran and Daniel Vlasic and Anton Tsitsulin and Rajagopal Ananthanarayanan and Alen Carin and Guolong Su and Pei Sun and Shashank V and Gabriel Carvajal and Josef Broder and Iulia Comsa and Alena Repina and William Wong and Warren Weilun Chen and Peter Hawkins and Egor Filonov and Lucia Loher and Christoph Hirnschall and Weiyi Wang and Jingchen Ye and Andrea Burns and Hardie Cate and Diana Gage Wright and Federico Piccinini and Lei Zhang and Chu-Cheng Lin and Ionel Gog and Yana Kulizhskaya and Ashwin Sreevatsa and Shuang Song and Luis C. Cobo and Anand Iyer and Chetan Tekur and Guillermo Garrido and Zhuyun Xiao and Rupert Kemp and Huaixiu Steven Zheng and Hui Li and Ananth Agarwal and Christel Ngani and Kati Goshvadi and Rebeca Santamaria-Fernandez and Wojciech Fica and Xinyun Chen and Chris Gorgolewski and Sean Sun and Roopal Garg and Xinyu Ye and S. M. Ali Eslami and Nan Hua and Jon Simon and Pratik Joshi and Yelin Kim and Ian Tenney and Sahitya Potluri and Lam Nguyen Thiet and Quan Yuan and Florian Luisier and Alexandra Chronopoulou and Salvatore Scellato and Praveen Srinivasan and Minmin Chen and Vinod Koverkathu and Valentin Dalibard and Yaming Xu and Brennan Saeta and Keith Anderson and Thibault Sellam and Nick Fernando and Fantine Huot and Junehyuk Jung and Mani Varadarajan and Michael Quinn and Amit Raul and Maigo Le and Ruslan Habalov and Jon Clark and Komal Jalan and Kalesha Bullard and Achintya Singhal and Thang Luong and Boyu Wang and Sujeevan Rajayogam and Julian Eisenschlos and Johnson Jia and Daniel Finchelstein and Alex Yakubovich and Daniel Balle and Michael Fink and Sameer Agarwal and Jing Li and Dj Dvijotham and Shalini Pal and Kai Kang and Jaclyn Konzelmann and Jennifer Beattie and Olivier Dousse and Diane Wu and Remi Crocker and Chen Elkind and Siddhartha Reddy Jonnalagadda and Jong Lee and Dan Holtmann-Rice and Krystal Kallarackal and Rosanne Liu and Denis Vnukov and Neera Vats and Luca Invernizzi and Mohsen Jafari and Huanjie Zhou and Lilly Taylor and Jennifer Prendki and Marcus Wu and Tom Eccles and Tianqi Liu and Kavya Kopparapu and Francoise Beaufays and Christof Angermueller and Andreea Marzoca and Shourya Sarcar and Hilal Dib and Jeff Stanway and Frank Perbet and Nejc Trdin and Rachel Sterneck and Andrey Khorlin and Dinghua Li and Xihui Wu and Sonam Goenka and David Madras and Sasha Goldshtein and Willi Gierke and Tong Zhou and Yaxin Liu and Yannie Liang and Anais White and Yunjie Li and Shreya Singh and Sanaz Bahargam and Mark Epstein and Sujoy Basu and Li Lao and Adnan Ozturel and Carl Crous and Alex Zhai and Han Lu and Zora Tung and Neeraj Gaur and Alanna Walton and Lucas Dixon and Ming Zhang and Amir Globerson and Grant Uy and Andrew Bolt and Olivia Wiles and Milad Nasr and Ilia Shumailov and Marco Selvi and Francesco Piccinno and Ricardo Aguilar and Sara McCarthy and Misha Khalman and Mrinal Shukla and Vlado Galic and John Carpenter and Kevin Villela and Haibin Zhang and Harry Richardson and James Martens and Matko Bosnjak and Shreyas Rammohan Belle and Jeff Seibert and Mahmoud Alnahlawi and Brian McWilliams and Sankalp Singh and Annie Louis and Wen Ding and Dan Popovici and Lenin Simicich and Laura Knight and Pulkit Mehta and Nishesh Gupta and Chongyang Shi and Saaber Fatehi and Jovana Mitrovic and Alex Grills and Joseph Pagadora and Tsendsuren Munkhdalai and Dessie Petrova and Danielle Eisenbud and Zhishuai Zhang and Damion Yates and Bhavishya Mittal and Nilesh Tripuraneni and Yannis Assael and Thomas Brovelli and Prateek Jain and Mihajlo Velimirovic and Canfer Akbulut and Jiaqi Mu and Wolfgang Macherey and Ravin Kumar and Jun Xu and Haroon Qureshi and Gheorghe Comanici and Jeremy Wiesner and Zhitao Gong and Anton Ruddock and Matthias Bauer and Nick Felt and Anirudh GP and Anurag Arnab and Dustin Zelle and Jonas Rothfuss and Bill Rosgen and Ashish Shenoy and Bryan Seybold and Xinjian Li and Jayaram Mudigonda and Goker Erdogan and Jiawei Xia and Jiri Simsa and Andrea Michi and Yi Yao and Christopher Yew and Steven Kan and Isaac Caswell and Carey Radebaugh and Andre Elisseeff and Pedro Valenzuela and Kay McKinney and Kim Paterson and Albert Cui and Eri Latorre-Chimoto and Solomon Kim and William Zeng and Ken Durden and Priya Ponnapalli and Tiberiu Sosea and Christopher A. Choquette-Choo and James Manyika and Brona Robenek and Harsha Vashisht and Sebastien Pereira and Hoi Lam and Marko Velic and Denese Owusu-Afriyie and Katherine Lee and Tolga Bolukbasi and Alicia Parrish and Shawn Lu and Jane Park and Balaji Venkatraman and Alice Talbert and Lambert Rosique and Yuchung Cheng and Andrei Sozanschi and Adam Paszke and Praveen Kumar and Jessica Austin and Lu Li and Khalid Salama and Bartek Perz and Wooyeol Kim and Nandita Dukkipati and Anthony Baryshnikov and Christos Kaplanis and XiangHai Sheng and Yuri Chervonyi and Caglar Unlu and Diego de Las Casas and Harry Askham and Kathryn Tunyasuvunakool and Felix Gimeno and Siim Poder and Chester Kwak and Matt Miecnikowski and Vahab Mirrokni and Alek Dimitriev and Aaron Parisi and Dangyi Liu and Tomy Tsai and Toby Shevlane and Christina Kouridi and Drew Garmon and Adrian Goedeckemeyer and Adam R. Brown and Anitha Vijayakumar and Ali Elqursh and Sadegh Jazayeri and Jin Huang and Sara Mc Carthy and Jay Hoover and Lucy Kim and Sandeep Kumar and Wei Chen and Courtney Biles and Garrett Bingham and Evan Rosen and Lisa Wang and Qijun Tan and David Engel and Francesco Pongetti and Dario de Cesare and Dongseong Hwang and Lily Yu and Jennifer Pullman and Srini Narayanan and Kyle Levin and Siddharth Gopal and Megan Li and Asaf Aharoni and Trieu Trinh and Jessica Lo and Norman Casagrande and Roopali Vij and Loic Matthey and Bramandia Ramadhana and Austin Matthews and CJ Carey and Matthew Johnson and Kremena Goranova and Rohin Shah and Shereen Ashraf and Kingshuk Dasgupta and Rasmus Larsen and Yicheng Wang and Manish Reddy Vuyyuru and Chong Jiang and Joana Ijazi and Kazuki Osawa and Celine Smith and Ramya Sree Boppana and Taylan Bilal and Yuma Koizumi and Ying Xu and Yasemin Altun and Nir Shabat and Ben Bariach and Alex Korchemniy and Kiam Choo and Olaf Ronneberger and Chimezie Iwuanyanwu and Shubin Zhao and David Soergel and Cho-Jui Hsieh and Irene Cai and Shariq Iqbal and Martin Sundermeyer and Zhe Chen and Elie Bursztein and Chaitanya Malaviya and Fadi Biadsy and Prakash Shroff and Inderjit Dhillon and Tejasi Latkar and Chris Dyer and Hannah Forbes and Massimo Nicosia and Vitaly Nikolaev and Somer Greene and Marin Georgiev and Pidong Wang and Nina Martin and Hanie Sedghi and John Zhang and Praseem Banzal and Doug Fritz and Vikram Rao and Xuezhi Wang and Jiageng Zhang and Viorica Patraucean and Dayou Du and Igor Mordatch and Ivan Jurin and Lewis Liu and Ayush Dubey and Abhi Mohan and Janek Nowakowski and Vlad-Doru Ion and Nan Wei and Reiko Tojo and Maria Abi Raad and Drew A. Hudson and Vaishakh Keshava and Shubham Agrawal and Kevin Ramirez and Zhichun Wu and Hoang Nguyen and Ji Liu and Madhavi Sewak and Bryce Petrini and DongHyun Choi and Ivan Philips and Ziyue Wang and Ioana Bica and Ankush Garg and Jarek Wilkiewicz and Priyanka Agrawal and Xiaowei Li and Danhao Guo and Emily Xue and Naseer Shaik and Andrew Leach and Sadh MNM Khan and Julia Wiesinger and Sammy Jerome and Abhishek Chakladar and Alek Wenjiao Wang and Tina Ornduff and Folake Abu and Alireza Ghaffarkhah and Marcus Wainwright and Mario Cortes and Frederick Liu and Joshua Maynez and Andreas Terzis and Pouya Samangouei and Riham Mansour and Tomasz Kępa and François-Xavier Aubet and Anton Algymr and Dan Banica and Agoston Weisz and Andras Orban and Alexandre Senges and Ewa Andrejczuk and Mark Geller and Niccolo Dal Santo and Valentin Anklin and Majd Al Merey and Martin Baeuml and Trevor Strohman and Junwen Bai and Slav Petrov and Yonghui Wu and Demis Hassabis and Koray Kavukcuoglu and Jeff Dean and Oriol Vinyals},
      year={2024},
      eprint={2403.05530},
      archivePrefix={arXiv},
      primaryClass={cs.CL},
      url={https://arxiv.org/abs/2403.05530}, 
}

@misc{openai2024gpt4ocard,
      title={GPT-4o System Card}, 
      author={OpenAI and : and Aaron Hurst and Adam Lerer and Adam P. Goucher and Adam Perelman and Aditya Ramesh and Aidan Clark and AJ Ostrow and Akila Welihinda and Alan Hayes and Alec Radford and Aleksander Mądry and Alex Baker-Whitcomb and Alex Beutel and Alex Borzunov and Alex Carney and Alex Chow and Alex Kirillov and Alex Nichol and Alex Paino and Alex Renzin and Alex Tachard Passos and Alexander Kirillov and Alexi Christakis and Alexis Conneau and Ali Kamali and Allan Jabri and Allison Moyer and Allison Tam and Amadou Crookes and Amin Tootoochian and Amin Tootoonchian and Ananya Kumar and Andrea Vallone and Andrej Karpathy and Andrew Braunstein and Andrew Cann and Andrew Codispoti and Andrew Galu and Andrew Kondrich and Andrew Tulloch and Andrey Mishchenko and Angela Baek and Angela Jiang and Antoine Pelisse and Antonia Woodford and Anuj Gosalia and Arka Dhar and Ashley Pantuliano and Avi Nayak and Avital Oliver and Barret Zoph and Behrooz Ghorbani and Ben Leimberger and Ben Rossen and Ben Sokolowsky and Ben Wang and Benjamin Zweig and Beth Hoover and Blake Samic and Bob McGrew and Bobby Spero and Bogo Giertler and Bowen Cheng and Brad Lightcap and Brandon Walkin and Brendan Quinn and Brian Guarraci and Brian Hsu and Bright Kellogg and Brydon Eastman and Camillo Lugaresi and Carroll Wainwright and Cary Bassin and Cary Hudson and Casey Chu and Chad Nelson and Chak Li and Chan Jun Shern and Channing Conger and Charlotte Barette and Chelsea Voss and Chen Ding and Cheng Lu and Chong Zhang and Chris Beaumont and Chris Hallacy and Chris Koch and Christian Gibson and Christina Kim and Christine Choi and Christine McLeavey and Christopher Hesse and Claudia Fischer and Clemens Winter and Coley Czarnecki and Colin Jarvis and Colin Wei and Constantin Koumouzelis and Dane Sherburn and Daniel Kappler and Daniel Levin and Daniel Levy and David Carr and David Farhi and David Mely and David Robinson and David Sasaki and Denny Jin and Dev Valladares and Dimitris Tsipras and Doug Li and Duc Phong Nguyen and Duncan Findlay and Edede Oiwoh and Edmund Wong and Ehsan Asdar and Elizabeth Proehl and Elizabeth Yang and Eric Antonow and Eric Kramer and Eric Peterson and Eric Sigler and Eric Wallace and Eugene Brevdo and Evan Mays and Farzad Khorasani and Felipe Petroski Such and Filippo Raso and Francis Zhang and Fred von Lohmann and Freddie Sulit and Gabriel Goh and Gene Oden and Geoff Salmon and Giulio Starace and Greg Brockman and Hadi Salman and Haiming Bao and Haitang Hu and Hannah Wong and Haoyu Wang and Heather Schmidt and Heather Whitney and Heewoo Jun and Hendrik Kirchner and Henrique Ponde de Oliveira Pinto and Hongyu Ren and Huiwen Chang and Hyung Won Chung and Ian Kivlichan and Ian O'Connell and Ian O'Connell and Ian Osband and Ian Silber and Ian Sohl and Ibrahim Okuyucu and Ikai Lan and Ilya Kostrikov and Ilya Sutskever and Ingmar Kanitscheider and Ishaan Gulrajani and Jacob Coxon and Jacob Menick and Jakub Pachocki and James Aung and James Betker and James Crooks and James Lennon and Jamie Kiros and Jan Leike and Jane Park and Jason Kwon and Jason Phang and Jason Teplitz and Jason Wei and Jason Wolfe and Jay Chen and Jeff Harris and Jenia Varavva and Jessica Gan Lee and Jessica Shieh and Ji Lin and Jiahui Yu and Jiayi Weng and Jie Tang and Jieqi Yu and Joanne Jang and Joaquin Quinonero Candela and Joe Beutler and Joe Landers and Joel Parish and Johannes Heidecke and John Schulman and Jonathan Lachman and Jonathan McKay and Jonathan Uesato and Jonathan Ward and Jong Wook Kim and Joost Huizinga and Jordan Sitkin and Jos Kraaijeveld and Josh Gross and Josh Kaplan and Josh Snyder and Joshua Achiam and Joy Jiao and Joyce Lee and Juntang Zhuang and Justyn Harriman and Kai Fricke and Kai Hayashi and Karan Singhal and Katy Shi and Kavin Karthik and Kayla Wood and Kendra Rimbach and Kenny Hsu and Kenny Nguyen and Keren Gu-Lemberg and Kevin Button and Kevin Liu and Kiel Howe and Krithika Muthukumar and Kyle Luther and Lama Ahmad and Larry Kai and Lauren Itow and Lauren Workman and Leher Pathak and Leo Chen and Li Jing and Lia Guy and Liam Fedus and Liang Zhou and Lien Mamitsuka and Lilian Weng and Lindsay McCallum and Lindsey Held and Long Ouyang and Louis Feuvrier and Lu Zhang and Lukas Kondraciuk and Lukasz Kaiser and Luke Hewitt and Luke Metz and Lyric Doshi and Mada Aflak and Maddie Simens and Madelaine Boyd and Madeleine Thompson and Marat Dukhan and Mark Chen and Mark Gray and Mark Hudnall and Marvin Zhang and Marwan Aljubeh and Mateusz Litwin and Matthew Zeng and Max Johnson and Maya Shetty and Mayank Gupta and Meghan Shah and Mehmet Yatbaz and Meng Jia Yang and Mengchao Zhong and Mia Glaese and Mianna Chen and Michael Janner and Michael Lampe and Michael Petrov and Michael Wu and Michele Wang and Michelle Fradin and Michelle Pokrass and Miguel Castro and Miguel Oom Temudo de Castro and Mikhail Pavlov and Miles Brundage and Miles Wang and Minal Khan and Mira Murati and Mo Bavarian and Molly Lin and Murat Yesildal and Nacho Soto and Natalia Gimelshein and Natalie Cone and Natalie Staudacher and Natalie Summers and Natan LaFontaine and Neil Chowdhury and Nick Ryder and Nick Stathas and Nick Turley and Nik Tezak and Niko Felix and Nithanth Kudige and Nitish Keskar and Noah Deutsch and Noel Bundick and Nora Puckett and Ofir Nachum and Ola Okelola and Oleg Boiko and Oleg Murk and Oliver Jaffe and Olivia Watkins and Olivier Godement and Owen Campbell-Moore and Patrick Chao and Paul McMillan and Pavel Belov and Peng Su and Peter Bak and Peter Bakkum and Peter Deng and Peter Dolan and Peter Hoeschele and Peter Welinder and Phil Tillet and Philip Pronin and Philippe Tillet and Prafulla Dhariwal and Qiming Yuan and Rachel Dias and Rachel Lim and Rahul Arora and Rajan Troll and Randall Lin and Rapha Gontijo Lopes and Raul Puri and Reah Miyara and Reimar Leike and Renaud Gaubert and Reza Zamani and Ricky Wang and Rob Donnelly and Rob Honsby and Rocky Smith and Rohan Sahai and Rohit Ramchandani and Romain Huet and Rory Carmichael and Rowan Zellers and Roy Chen and Ruby Chen and Ruslan Nigmatullin and Ryan Cheu and Saachi Jain and Sam Altman and Sam Schoenholz and Sam Toizer and Samuel Miserendino and Sandhini Agarwal and Sara Culver and Scott Ethersmith and Scott Gray and Sean Grove and Sean Metzger and Shamez Hermani and Shantanu Jain and Shengjia Zhao and Sherwin Wu and Shino Jomoto and Shirong Wu and Shuaiqi and Xia and Sonia Phene and Spencer Papay and Srinivas Narayanan and Steve Coffey and Steve Lee and Stewart Hall and Suchir Balaji and Tal Broda and Tal Stramer and Tao Xu and Tarun Gogineni and Taya Christianson and Ted Sanders and Tejal Patwardhan and Thomas Cunninghman and Thomas Degry and Thomas Dimson and Thomas Raoux and Thomas Shadwell and Tianhao Zheng and Todd Underwood and Todor Markov and Toki Sherbakov and Tom Rubin and Tom Stasi and Tomer Kaftan and Tristan Heywood and Troy Peterson and Tyce Walters and Tyna Eloundou and Valerie Qi and Veit Moeller and Vinnie Monaco and Vishal Kuo and Vlad Fomenko and Wayne Chang and Weiyi Zheng and Wenda Zhou and Wesam Manassra and Will Sheu and Wojciech Zaremba and Yash Patil and Yilei Qian and Yongjik Kim and Youlong Cheng and Yu Zhang and Yuchen He and Yuchen Zhang and Yujia Jin and Yunxing Dai and Yury Malkov},
      year={2024},
      eprint={2410.21276},
      archivePrefix={arXiv},
      primaryClass={cs.CL},
      url={https://arxiv.org/abs/2410.21276}, 
}

@misc{shoeybi2020megatronlmtrainingmultibillionparameter,
      title={Megatron-LM: Training Multi-Billion Parameter Language Models Using Model Parallelism}, 
      author={Mohammad Shoeybi and Mostofa Patwary and Raul Puri and Patrick LeGresley and Jared Casper and Bryan Catanzaro},
      year={2020},
      eprint={1909.08053},
      archivePrefix={arXiv},
      primaryClass={cs.CL},
      url={https://arxiv.org/abs/1909.08053}, 
}

@inproceedings{kwon2023efficient,
  title={Efficient Memory Management for Large Language Model Serving with PagedAttention},
  author={Woosuk Kwon and Zhuohan Li and Siyuan Zhuang and Ying Sheng and Lianmin Zheng and Cody Hao Yu and Joseph E. Gonzalez and Hao Zhang and Ion Stoica},
  booktitle={Proceedings of the ACM SIGOPS 29th Symposium on Operating Systems Principles},
  year={2023}
}

@misc{qin2024mooncakekvcachecentricdisaggregatedarchitecture,
      title={Mooncake: A KVCache-centric Disaggregated Architecture for LLM Serving}, 
      author={Ruoyu Qin and Zheming Li and Weiran He and Mingxing Zhang and Yongwei Wu and Weimin Zheng and Xinran Xu},
      year={2024},
      eprint={2407.00079},
      archivePrefix={arXiv},
      primaryClass={cs.DC},
      url={https://arxiv.org/abs/2407.00079}, 
}

@misc{zheng2024sglangefficientexecutionstructured,
      title={SGLang: Efficient Execution of Structured Language Model Programs}, 
      author={Lianmin Zheng and Liangsheng Yin and Zhiqiang Xie and Chuyue Sun and Jeff Huang and Cody Hao Yu and Shiyi Cao and Christos Kozyrakis and Ion Stoica and Joseph E. Gonzalez and Clark Barrett and Ying Sheng},
      year={2024},
      eprint={2312.07104},
      archivePrefix={arXiv},
      primaryClass={cs.AI},
      url={https://arxiv.org/abs/2312.07104}, 
}


@inproceedings{transformer,
 author = {Vaswani, Ashish and Shazeer, Noam and Parmar, Niki and Uszkoreit, Jakob and Jones, Llion and Gomez, Aidan N and Kaiser, \L ukasz and Polosukhin, Illia},
 booktitle = {Advances in Neural Information Processing Systems},
 editor = {I. Guyon and U. Von Luxburg and S. Bengio and H. Wallach and R. Fergus and S. Vishwanathan and R. Garnett},
 pages = {},
 publisher = {Curran Associates, Inc.},
 title = {Attention is All you Need},
 url = {https://proceedings.neurips.cc/paper_files/paper/2017/file/3f5ee243547dee91fbd053c1c4a845aa-Paper.pdf},
 volume = {30},
 year = {2017}
}

@article{Hendrycks2020MeasuringMM,
  title={Measuring Massive Multitask Language Understanding},
  author={Dan Hendrycks and Collin Burns and Steven Basart and Andy Zou and Mantas Mazeika and Dawn Xiaodong Song and Jacob Steinhardt},
  journal={ArXiv},
  year={2020},
  volume={abs/2009.03300},
  url={https://arxiv.org/abs/2009.03300}
}

@inproceedings{Dua2019DROPAR,
  title={DROP: A Reading Comprehension Benchmark Requiring Discrete Reasoning Over Paragraphs},
  author={Dheeru Dua and Yizhong Wang and Pradeep Dasigi and Gabriel Stanovsky and Sameer Singh and Matt Gardner},
  booktitle={North American Chapter of the Association for Computational Linguistics},
  year={2019},
  url={https://arxiv.org/abs/1903.00161}
}

@article{Zhou2023InstructionFollowingEF,
  title={Instruction-Following Evaluation for Large Language Models},
  author={Jeffrey Zhou and Tianjian Lu and Swaroop Mishra and Siddhartha Brahma and Sujoy Basu and Yi Luan and Denny Zhou and Le Hou},
  journal={ArXiv},
  year={2023},
  volume={abs/2311.07911},
  url={https://arxiv.org/abs/2311.07911}
}

@article{Bai2024LongBenchVT,
  title={LongBench v2: Towards Deeper Understanding and Reasoning on Realistic Long-context Multitasks},
  author={Yushi Bai and Shangqing Tu and Jiajie Zhang and Hao Peng and Xiaozhi Wang and Xin Lv and Shulin Cao and Jiazheng Xu and Lei Hou and Yuxiao Dong and Jie Tang and Juanzi Li},
  year={2024},
  journal={ArXiv},
  volume={abs/2412.15204},
  url={https://arxiv.org/abs/2412.15204}
}

@inproceedings{Xu2020CLUEAC,
  title={CLUE: A Chinese Language Understanding Evaluation Benchmark},
  author={Liang Xu and Xuanwei Zhang and Lu Li and Hai Hu and Chenjie Cao and Weitang Liu and Junyi Li and Yudong Li and Kai Sun and Yechen Xu and Yiming Cui and Cong Yu and Qianqian Dong and Yin Tian and Dian Yu and Bo Shi and Jun-jie Zeng and Rongzhao Wang and Weijian Xie and Yanting Li and Yina Patterson and Zuoyu Tian and Yiwen Zhang and He Zhou and Shaoweihua Liu and Qipeng Zhao and Cong Yue and Xinrui Zhang and Zhen-Yi Yang and Kyle Richardson and Zhenzhong Lan},
  booktitle={International Conference on Computational Linguistics},
  year={2020},
  url={https://arxiv.org/abs/2004.05986}
}

@article{Huang2023CEvalAM,
  title={C-Eval: A Multi-Level Multi-Discipline Chinese Evaluation Suite for Foundation Models},
  author={Yuzhen Huang and Yuzhuo Bai and Zhihao Zhu and Junlei Zhang and Jinghan Zhang and Tangjun Su and Junteng Liu and Chuancheng Lv and Yikai Zhang and Jiayi Lei and Fanchao Qi and Yao Fu and Maosong Sun and Junxian He},
  journal={ArXiv},
  year={2023},
  volume={abs/2305.08322},
  url={https://arxiv.org/abs/2305.08322}
}

@article{Cassano2022MultiPLEAS,
  title={MultiPL-E: A Scalable and Extensible Approach to Benchmarking Neural Code Generation},
  author={Federico Cassano and John Gouwar and Daniel Nguyen and Sy Duy Nguyen and Luna Phipps-Costin and Donald Pinckney and Ming-Ho Yee and Yangtian Zi and Carolyn Jane Anderson and Molly Q. Feldman and Arjun Guha and Michael Greenberg and Abhinav Jangda},
  journal={ArXiv},  
  year={2022},
  url={https://arxiv.org/abs/2208.08227}
}

@article{Jain2024LiveCodeBenchHA,
  title={LiveCodeBench: Holistic and Contamination Free Evaluation of Large Language Models for Code},
  author={Naman Jain and King Han and Alex Gu and Wen-Ding Li and Fanjia Yan and Tianjun Zhang and Sida I. Wang and Armando Solar-Lezama and Koushik Sen and Ion Stoica},
  journal={ArXiv},
  year={2024},
  volume={abs/2403.07974},
  url={https://arxiv.org/abs/2403.07974}
}

@article{lightman2023lets,
      title={Let's Verify Step by Step}, 
      author={Lightman, Hunter and Kosaraju, Vineet and Burda, Yura and Edwards, Harri and Baker, Bowen and Lee, Teddy and Leike, Jan and Schulman, John and Sutskever, Ilya and Cobbe, Karl},
      journal={arXiv preprint arXiv:2305.20050},
      year={2023}
}


@article{wang2024measuring,
  title={Measuring multimodal mathematical reasoning with math-vision dataset},
  author={Wang, Ke and Pan, Junting and Shi, Weikang and Lu, Zimu and Zhan, Mingjie and Li, Hongsheng},
  journal={arXiv preprint arXiv:2402.14804},
  year={2024}
}




@inproceedings{yue2024mmmu,
  title={Mmmu: A massive multi-discipline multimodal understanding and reasoning benchmark for expert agi},
  author={Yue, Xiang and Ni, Yuansheng and Zhang, Kai and Zheng, Tianyu and Liu, Ruoqi and Zhang, Ge and Stevens, Samuel and Jiang, Dongfu and Ren, Weiming and Sun, Yuxuan and others},
  booktitle={Proceedings of the IEEE/CVF Conference on Computer Vision and Pattern Recognition},
  pages={9556--9567},
  year={2024}
}

@article{lu2023mathvista,
  title={Mathvista: Evaluating mathematical reasoning of foundation models in visual contexts},
  author={Lu, Pan and Bansal, Hritik and Xia, Tony and Liu, Jiacheng and Li, Chunyuan and Hajishirzi, Hannaneh and Cheng, Hao and Chang, Kai-Wei and Galley, Michel and Gao, Jianfeng},
  journal={arXiv preprint arXiv:2310.02255},
  year={2023}
}

@article{joulin2016bag,
  title={Bag of tricks for efficient text classification},
  author={Joulin, Armand and Grave, Edouard and Bojanowski, Piotr and Mikolov, Tomas},
  journal={arXiv preprint arXiv:1607.01759},
  year={2016}
}

@article{chen2024bge,
  title={Bge m3-embedding: Multi-lingual, multi-functionality, multi-granularity text embeddings through self-knowledge distillation},
  author={Chen, Jianlv and Xiao, Shitao and Zhang, Peitian and Luo, Kun and Lian, Defu and Liu, Zheng},
  journal={arXiv preprint arXiv:2402.03216},
  year={2024}
}

@article{penedo2024fineweb,
  title={The fineweb datasets: Decanting the web for the finest text data at scale},
  author={Penedo, Guilherme and Kydl{\'\i}{\v{c}}ek, Hynek and Lozhkov, Anton and Mitchell, Margaret and Raffel, Colin and Von Werra, Leandro and Wolf, Thomas and others},
  journal={arXiv preprint arXiv:2406.17557},
  year={2024}
}

@article{li2024datacomp,
  title={Datacomp-lm: In search of the next generation of training sets for language models},
  author={Li, Jeffrey and Fang, Alex and Smyrnis, Georgios and Ivgi, Maor and Jordan, Matt and Gadre, Samir and Bansal, Hritik and Guha, Etash and Keh, Sedrick and Arora, Kushal and others},
  journal={arXiv preprint arXiv:2406.11794},
  year={2024}
}

@article{paster2023openwebmath,
  title={Openwebmath: An open dataset of high-quality mathematical web text},
  author={Paster, Keiran and Santos, Marco Dos and Azerbayev, Zhangir and Ba, Jimmy},
  journal={arXiv preprint arXiv:2310.06786},
  year={2023}
}

@misc{geminiteam2024geminifamilyhighlycapable,
      title={Gemini: A Family of Highly Capable Multimodal Models}, 
      author={Gemini Team and Rohan Anil and Sebastian Borgeaud and Jean-Baptiste Alayrac and Jiahui Yu and Radu Soricut and Johan Schalkwyk and Andrew M. Dai and Anja Hauth and Katie Millican and David Silver and Melvin Johnson and Ioannis Antonoglou and Julian Schrittwieser and Amelia Glaese and Jilin Chen and Emily Pitler and Timothy Lillicrap and Angeliki Lazaridou and Orhan Firat and James Molloy and Michael Isard and Paul R. Barham and Tom Hennigan and Benjamin Lee and Fabio Viola and Malcolm Reynolds and Yuanzhong Xu and Ryan Doherty and Eli Collins and Clemens Meyer and Eliza Rutherford and Erica Moreira and Kareem Ayoub and Megha Goel and Jack Krawczyk and Cosmo Du and Ed Chi and Heng-Tze Cheng and Eric Ni and Purvi Shah and Patrick Kane and Betty Chan and Manaal Faruqui and Aliaksei Severyn and Hanzhao Lin and YaGuang Li and Yong Cheng and Abe Ittycheriah and Mahdis Mahdieh and Mia Chen and Pei Sun and Dustin Tran and Sumit Bagri and Balaji Lakshminarayanan and Jeremiah Liu and Andras Orban and Fabian Güra and Hao Zhou and Xinying Song and Aurelien Boffy and Harish Ganapathy and Steven Zheng and HyunJeong Choe and Ágoston Weisz and Tao Zhu and Yifeng Lu and Siddharth Gopal and Jarrod Kahn and Maciej Kula and Jeff Pitman and Rushin Shah and Emanuel Taropa and Majd Al Merey and Martin Baeuml and Zhifeng Chen and Laurent El Shafey and Yujing Zhang and Olcan Sercinoglu and George Tucker and Enrique Piqueras and Maxim Krikun and Iain Barr and Nikolay Savinov and Ivo Danihelka and Becca Roelofs and Anaïs White and Anders Andreassen and Tamara von Glehn and Lakshman Yagati and Mehran Kazemi and Lucas Gonzalez and Misha Khalman and Jakub Sygnowski and Alexandre Frechette and Charlotte Smith and Laura Culp and Lev Proleev and Yi Luan and Xi Chen and James Lottes and Nathan Schucher and Federico Lebron and Alban Rrustemi and Natalie Clay and Phil Crone and Tomas Kocisky and Jeffrey Zhao and Bartek Perz and Dian Yu and Heidi Howard and Adam Bloniarz and Jack W. Rae and Han Lu and Laurent Sifre and Marcello Maggioni and Fred Alcober and Dan Garrette and Megan Barnes and Shantanu Thakoor and Jacob Austin and Gabriel Barth-Maron and William Wong and Rishabh Joshi and Rahma Chaabouni and Deeni Fatiha and Arun Ahuja and Gaurav Singh Tomar and Evan Senter and Martin Chadwick and Ilya Kornakov and Nithya Attaluri and Iñaki Iturrate and Ruibo Liu and Yunxuan Li and Sarah Cogan and Jeremy Chen and Chao Jia and Chenjie Gu and Qiao Zhang and Jordan Grimstad and Ale Jakse Hartman and Xavier Garcia and Thanumalayan Sankaranarayana Pillai and Jacob Devlin and Michael Laskin and Diego de Las Casas and Dasha Valter and Connie Tao and Lorenzo Blanco and Adrià Puigdomènech Badia and David Reitter and Mianna Chen and Jenny Brennan and Clara Rivera and Sergey Brin and Shariq Iqbal and Gabriela Surita and Jane Labanowski and Abhi Rao and Stephanie Winkler and Emilio Parisotto and Yiming Gu and Kate Olszewska and Ravi Addanki and Antoine Miech and Annie Louis and Denis Teplyashin and Geoff Brown and Elliot Catt and Jan Balaguer and Jackie Xiang and Pidong Wang and Zoe Ashwood and Anton Briukhov and Albert Webson and Sanjay Ganapathy and Smit Sanghavi and Ajay Kannan and Ming-Wei Chang and Axel Stjerngren and Josip Djolonga and Yuting Sun and Ankur Bapna and Matthew Aitchison and Pedram Pejman and Henryk Michalewski and Tianhe Yu and Cindy Wang and Juliette Love and Junwhan Ahn and Dawn Bloxwich and Kehang Han and Peter Humphreys and Thibault Sellam and James Bradbury and Varun Godbole and Sina Samangooei and Bogdan Damoc and Alex Kaskasoli and Sébastien M. R. Arnold and Vijay Vasudevan and Shubham Agrawal and Jason Riesa and Dmitry Lepikhin and Richard Tanburn and Srivatsan Srinivasan and Hyeontaek Lim and Sarah Hodkinson and Pranav Shyam and Johan Ferret and Steven Hand and Ankush Garg and Tom Le Paine and Jian Li and Yujia Li and Minh Giang and Alexander Neitz and Zaheer Abbas and Sarah York and Machel Reid and Elizabeth Cole and Aakanksha Chowdhery and Dipanjan Das and Dominika Rogozińska and Vitaliy Nikolaev and Pablo Sprechmann and Zachary Nado and Lukas Zilka and Flavien Prost and Luheng He and Marianne Monteiro and Gaurav Mishra and Chris Welty and Josh Newlan and Dawei Jia and Miltiadis Allamanis and Clara Huiyi Hu and Raoul de Liedekerke and Justin Gilmer and Carl Saroufim and Shruti Rijhwani and Shaobo Hou and Disha Shrivastava and Anirudh Baddepudi and Alex Goldin and Adnan Ozturel and Albin Cassirer and Yunhan Xu and Daniel Sohn and Devendra Sachan and Reinald Kim Amplayo and Craig Swanson and Dessie Petrova and Shashi Narayan and Arthur Guez and Siddhartha Brahma and Jessica Landon and Miteyan Patel and Ruizhe Zhao and Kevin Villela and Luyu Wang and Wenhao Jia and Matthew Rahtz and Mai Giménez and Legg Yeung and James Keeling and Petko Georgiev and Diana Mincu and Boxi Wu and Salem Haykal and Rachel Saputro and Kiran Vodrahalli and James Qin and Zeynep Cankara and Abhanshu Sharma and Nick Fernando and Will Hawkins and Behnam Neyshabur and Solomon Kim and Adrian Hutter and Priyanka Agrawal and Alex Castro-Ros and George van den Driessche and Tao Wang and Fan Yang and Shuo-yiin Chang and Paul Komarek and Ross McIlroy and Mario Lučić and Guodong Zhang and Wael Farhan and Michael Sharman and Paul Natsev and Paul Michel and Yamini Bansal and Siyuan Qiao and Kris Cao and Siamak Shakeri and Christina Butterfield and Justin Chung and Paul Kishan Rubenstein and Shivani Agrawal and Arthur Mensch and Kedar Soparkar and Karel Lenc and Timothy Chung and Aedan Pope and Loren Maggiore and Jackie Kay and Priya Jhakra and Shibo Wang and Joshua Maynez and Mary Phuong and Taylor Tobin and Andrea Tacchetti and Maja Trebacz and Kevin Robinson and Yash Katariya and Sebastian Riedel and Paige Bailey and Kefan Xiao and Nimesh Ghelani and Lora Aroyo and Ambrose Slone and Neil Houlsby and Xuehan Xiong and Zhen Yang and Elena Gribovskaya and Jonas Adler and Mateo Wirth and Lisa Lee and Music Li and Thais Kagohara and Jay Pavagadhi and Sophie Bridgers and Anna Bortsova and Sanjay Ghemawat and Zafarali Ahmed and Tianqi Liu and Richard Powell and Vijay Bolina and Mariko Iinuma and Polina Zablotskaia and James Besley and Da-Woon Chung and Timothy Dozat and Ramona Comanescu and Xiance Si and Jeremy Greer and Guolong Su and Martin Polacek and Raphaël Lopez Kaufman and Simon Tokumine and Hexiang Hu and Elena Buchatskaya and Yingjie Miao and Mohamed Elhawaty and Aditya Siddhant and Nenad Tomasev and Jinwei Xing and Christina Greer and Helen Miller and Shereen Ashraf and Aurko Roy and Zizhao Zhang and Ada Ma and Angelos Filos and Milos Besta and Rory Blevins and Ted Klimenko and Chih-Kuan Yeh and Soravit Changpinyo and Jiaqi Mu and Oscar Chang and Mantas Pajarskas and Carrie Muir and Vered Cohen and Charline Le Lan and Krishna Haridasan and Amit Marathe and Steven Hansen and Sholto Douglas and Rajkumar Samuel and Mingqiu Wang and Sophia Austin and Chang Lan and Jiepu Jiang and Justin Chiu and Jaime Alonso Lorenzo and Lars Lowe Sjösund and Sébastien Cevey and Zach Gleicher and Thi Avrahami and Anudhyan Boral and Hansa Srinivasan and Vittorio Selo and Rhys May and Konstantinos Aisopos and Léonard Hussenot and Livio Baldini Soares and Kate Baumli and Michael B. Chang and Adrià Recasens and Ben Caine and Alexander Pritzel and Filip Pavetic and Fabio Pardo and Anita Gergely and Justin Frye and Vinay Ramasesh and Dan Horgan and Kartikeya Badola and Nora Kassner and Subhrajit Roy and Ethan Dyer and Víctor Campos Campos and Alex Tomala and Yunhao Tang and Dalia El Badawy and Elspeth White and Basil Mustafa and Oran Lang and Abhishek Jindal and Sharad Vikram and Zhitao Gong and Sergi Caelles and Ross Hemsley and Gregory Thornton and Fangxiaoyu Feng and Wojciech Stokowiec and Ce Zheng and Phoebe Thacker and Çağlar Ünlü and Zhishuai Zhang and Mohammad Saleh and James Svensson and Max Bileschi and Piyush Patil and Ankesh Anand and Roman Ring and Katerina Tsihlas and Arpi Vezer and Marco Selvi and Toby Shevlane and Mikel Rodriguez and Tom Kwiatkowski and Samira Daruki and Keran Rong and Allan Dafoe and Nicholas FitzGerald and Keren Gu-Lemberg and Mina Khan and Lisa Anne Hendricks and Marie Pellat and Vladimir Feinberg and James Cobon-Kerr and Tara Sainath and Maribeth Rauh and Sayed Hadi Hashemi and Richard Ives and Yana Hasson and Eric Noland and Yuan Cao and Nathan Byrd and Le Hou and Qingze Wang and Thibault Sottiaux and Michela Paganini and Jean-Baptiste Lespiau and Alexandre Moufarek and Samer Hassan and Kaushik Shivakumar and Joost van Amersfoort and Amol Mandhane and Pratik Joshi and Anirudh Goyal and Matthew Tung and Andrew Brock and Hannah Sheahan and Vedant Misra and Cheng Li and Nemanja Rakićević and Mostafa Dehghani and Fangyu Liu and Sid Mittal and Junhyuk Oh and Seb Noury and Eren Sezener and Fantine Huot and Matthew Lamm and Nicola De Cao and Charlie Chen and Sidharth Mudgal and Romina Stella and Kevin Brooks and Gautam Vasudevan and Chenxi Liu and Mainak Chain and Nivedita Melinkeri and Aaron Cohen and Venus Wang and Kristie Seymore and Sergey Zubkov and Rahul Goel and Summer Yue and Sai Krishnakumaran and Brian Albert and Nate Hurley and Motoki Sano and Anhad Mohananey and Jonah Joughin and Egor Filonov and Tomasz Kępa and Yomna Eldawy and Jiawern Lim and Rahul Rishi and Shirin Badiezadegan and Taylor Bos and Jerry Chang and Sanil Jain and Sri Gayatri Sundara Padmanabhan and Subha Puttagunta and Kalpesh Krishna and Leslie Baker and Norbert Kalb and Vamsi Bedapudi and Adam Kurzrok and Shuntong Lei and Anthony Yu and Oren Litvin and Xiang Zhou and Zhichun Wu and Sam Sobell and Andrea Siciliano and Alan Papir and Robby Neale and Jonas Bragagnolo and Tej Toor and Tina Chen and Valentin Anklin and Feiran Wang and Richie Feng and Milad Gholami and Kevin Ling and Lijuan Liu and Jules Walter and Hamid Moghaddam and Arun Kishore and Jakub Adamek and Tyler Mercado and Jonathan Mallinson and Siddhinita Wandekar and Stephen Cagle and Eran Ofek and Guillermo Garrido and Clemens Lombriser and Maksim Mukha and Botu Sun and Hafeezul Rahman Mohammad and Josip Matak and Yadi Qian and Vikas Peswani and Pawel Janus and Quan Yuan and Leif Schelin and Oana David and Ankur Garg and Yifan He and Oleksii Duzhyi and Anton Älgmyr and Timothée Lottaz and Qi Li and Vikas Yadav and Luyao Xu and Alex Chinien and Rakesh Shivanna and Aleksandr Chuklin and Josie Li and Carrie Spadine and Travis Wolfe and Kareem Mohamed and Subhabrata Das and Zihang Dai and Kyle He and Daniel von Dincklage and Shyam Upadhyay and Akanksha Maurya and Luyan Chi and Sebastian Krause and Khalid Salama and Pam G Rabinovitch and Pavan Kumar Reddy M and Aarush Selvan and Mikhail Dektiarev and Golnaz Ghiasi and Erdem Guven and Himanshu Gupta and Boyi Liu and Deepak Sharma and Idan Heimlich Shtacher and Shachi Paul and Oscar Akerlund and François-Xavier Aubet and Terry Huang and Chen Zhu and Eric Zhu and Elico Teixeira and Matthew Fritze and Francesco Bertolini and Liana-Eleonora Marinescu and Martin Bölle and Dominik Paulus and Khyatti Gupta and Tejasi Latkar and Max Chang and Jason Sanders and Roopa Wilson and Xuewei Wu and Yi-Xuan Tan and Lam Nguyen Thiet and Tulsee Doshi and Sid Lall and Swaroop Mishra and Wanming Chen and Thang Luong and Seth Benjamin and Jasmine Lee and Ewa Andrejczuk and Dominik Rabiej and Vipul Ranjan and Krzysztof Styrc and Pengcheng Yin and Jon Simon and Malcolm Rose Harriott and Mudit Bansal and Alexei Robsky and Geoff Bacon and David Greene and Daniil Mirylenka and Chen Zhou and Obaid Sarvana and Abhimanyu Goyal and Samuel Andermatt and Patrick Siegler and Ben Horn and Assaf Israel and Francesco Pongetti and Chih-Wei "Louis" Chen and Marco Selvatici and Pedro Silva and Kathie Wang and Jackson Tolins and Kelvin Guu and Roey Yogev and Xiaochen Cai and Alessandro Agostini and Maulik Shah and Hung Nguyen and Noah Ó Donnaile and Sébastien Pereira and Linda Friso and Adam Stambler and Adam Kurzrok and Chenkai Kuang and Yan Romanikhin and Mark Geller and ZJ Yan and Kane Jang and Cheng-Chun Lee and Wojciech Fica and Eric Malmi and Qijun Tan and Dan Banica and Daniel Balle and Ryan Pham and Yanping Huang and Diana Avram and Hongzhi Shi and Jasjot Singh and Chris Hidey and Niharika Ahuja and Pranab Saxena and Dan Dooley and Srividya Pranavi Potharaju and Eileen O'Neill and Anand Gokulchandran and Ryan Foley and Kai Zhao and Mike Dusenberry and Yuan Liu and Pulkit Mehta and Ragha Kotikalapudi and Chalence Safranek-Shrader and Andrew Goodman and Joshua Kessinger and Eran Globen and Prateek Kolhar and Chris Gorgolewski and Ali Ibrahim and Yang Song and Ali Eichenbaum and Thomas Brovelli and Sahitya Potluri and Preethi Lahoti and Cip Baetu and Ali Ghorbani and Charles Chen and Andy Crawford and Shalini Pal and Mukund Sridhar and Petru Gurita and Asier Mujika and Igor Petrovski and Pierre-Louis Cedoz and Chenmei Li and Shiyuan Chen and Niccolò Dal Santo and Siddharth Goyal and Jitesh Punjabi and Karthik Kappaganthu and Chester Kwak and Pallavi LV and Sarmishta Velury and Himadri Choudhury and Jamie Hall and Premal Shah and Ricardo Figueira and Matt Thomas and Minjie Lu and Ting Zhou and Chintu Kumar and Thomas Jurdi and Sharat Chikkerur and Yenai Ma and Adams Yu and Soo Kwak and Victor Ähdel and Sujeevan Rajayogam and Travis Choma and Fei Liu and Aditya Barua and Colin Ji and Ji Ho Park and Vincent Hellendoorn and Alex Bailey and Taylan Bilal and Huanjie Zhou and Mehrdad Khatir and Charles Sutton and Wojciech Rzadkowski and Fiona Macintosh and Konstantin Shagin and Paul Medina and Chen Liang and Jinjing Zhou and Pararth Shah and Yingying Bi and Attila Dankovics and Shipra Banga and Sabine Lehmann and Marissa Bredesen and Zifan Lin and John Eric Hoffmann and Jonathan Lai and Raynald Chung and Kai Yang and Nihal Balani and Arthur Bražinskas and Andrei Sozanschi and Matthew Hayes and Héctor Fernández Alcalde and Peter Makarov and Will Chen and Antonio Stella and Liselotte Snijders and Michael Mandl and Ante Kärrman and Paweł Nowak and Xinyi Wu and Alex Dyck and Krishnan Vaidyanathan and Raghavender R and Jessica Mallet and Mitch Rudominer and Eric Johnston and Sushil Mittal and Akhil Udathu and Janara Christensen and Vishal Verma and Zach Irving and Andreas Santucci and Gamaleldin Elsayed and Elnaz Davoodi and Marin Georgiev and Ian Tenney and Nan Hua and Geoffrey Cideron and Edouard Leurent and Mahmoud Alnahlawi and Ionut Georgescu and Nan Wei and Ivy Zheng and Dylan Scandinaro and Heinrich Jiang and Jasper Snoek and Mukund Sundararajan and Xuezhi Wang and Zack Ontiveros and Itay Karo and Jeremy Cole and Vinu Rajashekhar and Lara Tumeh and Eyal Ben-David and Rishub Jain and Jonathan Uesato and Romina Datta and Oskar Bunyan and Shimu Wu and John Zhang and Piotr Stanczyk and Ye Zhang and David Steiner and Subhajit Naskar and Michael Azzam and Matthew Johnson and Adam Paszke and Chung-Cheng Chiu and Jaume Sanchez Elias and Afroz Mohiuddin and Faizan Muhammad and Jin Miao and Andrew Lee and Nino Vieillard and Jane Park and Jiageng Zhang and Jeff Stanway and Drew Garmon and Abhijit Karmarkar and Zhe Dong and Jong Lee and Aviral Kumar and Luowei Zhou and Jonathan Evens and William Isaac and Geoffrey Irving and Edward Loper and Michael Fink and Isha Arkatkar and Nanxin Chen and Izhak Shafran and Ivan Petrychenko and Zhe Chen and Johnson Jia and Anselm Levskaya and Zhenkai Zhu and Peter Grabowski and Yu Mao and Alberto Magni and Kaisheng Yao and Javier Snaider and Norman Casagrande and Evan Palmer and Paul Suganthan and Alfonso Castaño and Irene Giannoumis and Wooyeol Kim and Mikołaj Rybiński and Ashwin Sreevatsa and Jennifer Prendki and David Soergel and Adrian Goedeckemeyer and Willi Gierke and Mohsen Jafari and Meenu Gaba and Jeremy Wiesner and Diana Gage Wright and Yawen Wei and Harsha Vashisht and Yana Kulizhskaya and Jay Hoover and Maigo Le and Lu Li and Chimezie Iwuanyanwu and Lu Liu and Kevin Ramirez and Andrey Khorlin and Albert Cui and Tian LIN and Marcus Wu and Ricardo Aguilar and Keith Pallo and Abhishek Chakladar and Ginger Perng and Elena Allica Abellan and Mingyang Zhang and Ishita Dasgupta and Nate Kushman and Ivo Penchev and Alena Repina and Xihui Wu and Tom van der Weide and Priya Ponnapalli and Caroline Kaplan and Jiri Simsa and Shuangfeng Li and Olivier Dousse and Fan Yang and Jeff Piper and Nathan Ie and Rama Pasumarthi and Nathan Lintz and Anitha Vijayakumar and Daniel Andor and Pedro Valenzuela and Minnie Lui and Cosmin Paduraru and Daiyi Peng and Katherine Lee and Shuyuan Zhang and Somer Greene and Duc Dung Nguyen and Paula Kurylowicz and Cassidy Hardin and Lucas Dixon and Lili Janzer and Kiam Choo and Ziqiang Feng and Biao Zhang and Achintya Singhal and Dayou Du and Dan McKinnon and Natasha Antropova and Tolga Bolukbasi and Orgad Keller and David Reid and Daniel Finchelstein and Maria Abi Raad and Remi Crocker and Peter Hawkins and Robert Dadashi and Colin Gaffney and Ken Franko and Anna Bulanova and Rémi Leblond and Shirley Chung and Harry Askham and Luis C. Cobo and Kelvin Xu and Felix Fischer and Jun Xu and Christina Sorokin and Chris Alberti and Chu-Cheng Lin and Colin Evans and Alek Dimitriev and Hannah Forbes and Dylan Banarse and Zora Tung and Mark Omernick and Colton Bishop and Rachel Sterneck and Rohan Jain and Jiawei Xia and Ehsan Amid and Francesco Piccinno and Xingyu Wang and Praseem Banzal and Daniel J. Mankowitz and Alex Polozov and Victoria Krakovna and Sasha Brown and MohammadHossein Bateni and Dennis Duan and Vlad Firoiu and Meghana Thotakuri and Tom Natan and Matthieu Geist and Ser tan Girgin and Hui Li and Jiayu Ye and Ofir Roval and Reiko Tojo and Michael Kwong and James Lee-Thorp and Christopher Yew and Danila Sinopalnikov and Sabela Ramos and John Mellor and Abhishek Sharma and Kathy Wu and David Miller and Nicolas Sonnerat and Denis Vnukov and Rory Greig and Jennifer Beattie and Emily Caveness and Libin Bai and Julian Eisenschlos and Alex Korchemniy and Tomy Tsai and Mimi Jasarevic and Weize Kong and Phuong Dao and Zeyu Zheng and Frederick Liu and Fan Yang and Rui Zhu and Tian Huey Teh and Jason Sanmiya and Evgeny Gladchenko and Nejc Trdin and Daniel Toyama and Evan Rosen and Sasan Tavakkol and Linting Xue and Chen Elkind and Oliver Woodman and John Carpenter and George Papamakarios and Rupert Kemp and Sushant Kafle and Tanya Grunina and Rishika Sinha and Alice Talbert and Diane Wu and Denese Owusu-Afriyie and Cosmo Du and Chloe Thornton and Jordi Pont-Tuset and Pradyumna Narayana and Jing Li and Saaber Fatehi and John Wieting and Omar Ajmeri and Benigno Uria and Yeongil Ko and Laura Knight and Amélie Héliou and Ning Niu and Shane Gu and Chenxi Pang and Yeqing Li and Nir Levine and Ariel Stolovich and Rebeca Santamaria-Fernandez and Sonam Goenka and Wenny Yustalim and Robin Strudel and Ali Elqursh and Charlie Deck and Hyo Lee and Zonglin Li and Kyle Levin and Raphael Hoffmann and Dan Holtmann-Rice and Olivier Bachem and Sho Arora and Christy Koh and Soheil Hassas Yeganeh and Siim Põder and Mukarram Tariq and Yanhua Sun and Lucian Ionita and Mojtaba Seyedhosseini and Pouya Tafti and Zhiyu Liu and Anmol Gulati and Jasmine Liu and Xinyu Ye and Bart Chrzaszcz and Lily Wang and Nikhil Sethi and Tianrun Li and Ben Brown and Shreya Singh and Wei Fan and Aaron Parisi and Joe Stanton and Vinod Koverkathu and Christopher A. Choquette-Choo and Yunjie Li and TJ Lu and Abe Ittycheriah and Prakash Shroff and Mani Varadarajan and Sanaz Bahargam and Rob Willoughby and David Gaddy and Guillaume Desjardins and Marco Cornero and Brona Robenek and Bhavishya Mittal and Ben Albrecht and Ashish Shenoy and Fedor Moiseev and Henrik Jacobsson and Alireza Ghaffarkhah and Morgane Rivière and Alanna Walton and Clément Crepy and Alicia Parrish and Zongwei Zhou and Clement Farabet and Carey Radebaugh and Praveen Srinivasan and Claudia van der Salm and Andreas Fidjeland and Salvatore Scellato and Eri Latorre-Chimoto and Hanna Klimczak-Plucińska and David Bridson and Dario de Cesare and Tom Hudson and Piermaria Mendolicchio and Lexi Walker and Alex Morris and Matthew Mauger and Alexey Guseynov and Alison Reid and Seth Odoom and Lucia Loher and Victor Cotruta and Madhavi Yenugula and Dominik Grewe and Anastasia Petrushkina and Tom Duerig and Antonio Sanchez and Steve Yadlowsky and Amy Shen and Amir Globerson and Lynette Webb and Sahil Dua and Dong Li and Surya Bhupatiraju and Dan Hurt and Haroon Qureshi and Ananth Agarwal and Tomer Shani and Matan Eyal and Anuj Khare and Shreyas Rammohan Belle and Lei Wang and Chetan Tekur and Mihir Sanjay Kale and Jinliang Wei and Ruoxin Sang and Brennan Saeta and Tyler Liechty and Yi Sun and Yao Zhao and Stephan Lee and Pandu Nayak and Doug Fritz and Manish Reddy Vuyyuru and John Aslanides and Nidhi Vyas and Martin Wicke and Xiao Ma and Evgenii Eltyshev and Nina Martin and Hardie Cate and James Manyika and Keyvan Amiri and Yelin Kim and Xi Xiong and Kai Kang and Florian Luisier and Nilesh Tripuraneni and David Madras and Mandy Guo and Austin Waters and Oliver Wang and Joshua Ainslie and Jason Baldridge and Han Zhang and Garima Pruthi and Jakob Bauer and Feng Yang and Riham Mansour and Jason Gelman and Yang Xu and George Polovets and Ji Liu and Honglong Cai and Warren Chen and XiangHai Sheng and Emily Xue and Sherjil Ozair and Christof Angermueller and Xiaowei Li and Anoop Sinha and Weiren Wang and Julia Wiesinger and Emmanouil Koukoumidis and Yuan Tian and Anand Iyer and Madhu Gurumurthy and Mark Goldenson and Parashar Shah and MK Blake and Hongkun Yu and Anthony Urbanowicz and Jennimaria Palomaki and Chrisantha Fernando and Ken Durden and Harsh Mehta and Nikola Momchev and Elahe Rahimtoroghi and Maria Georgaki and Amit Raul and Sebastian Ruder and Morgan Redshaw and Jinhyuk Lee and Denny Zhou and Komal Jalan and Dinghua Li and Blake Hechtman and Parker Schuh and Milad Nasr and Kieran Milan and Vladimir Mikulik and Juliana Franco and Tim Green and Nam Nguyen and Joe Kelley and Aroma Mahendru and Andrea Hu and Joshua Howland and Ben Vargas and Jeffrey Hui and Kshitij Bansal and Vikram Rao and Rakesh Ghiya and Emma Wang and Ke Ye and Jean Michel Sarr and Melanie Moranski Preston and Madeleine Elish and Steve Li and Aakash Kaku and Jigar Gupta and Ice Pasupat and Da-Cheng Juan and Milan Someswar and Tejvi M. and Xinyun Chen and Aida Amini and Alex Fabrikant and Eric Chu and Xuanyi Dong and Amruta Muthal and Senaka Buthpitiya and Sarthak Jauhari and Nan Hua and Urvashi Khandelwal and Ayal Hitron and Jie Ren and Larissa Rinaldi and Shahar Drath and Avigail Dabush and Nan-Jiang Jiang and Harshal Godhia and Uli Sachs and Anthony Chen and Yicheng Fan and Hagai Taitelbaum and Hila Noga and Zhuyun Dai and James Wang and Chen Liang and Jenny Hamer and Chun-Sung Ferng and Chenel Elkind and Aviel Atias and Paulina Lee and Vít Listík and Mathias Carlen and Jan van de Kerkhof and Marcin Pikus and Krunoslav Zaher and Paul Müller and Sasha Zykova and Richard Stefanec and Vitaly Gatsko and Christoph Hirnschall and Ashwin Sethi and Xingyu Federico Xu and Chetan Ahuja and Beth Tsai and Anca Stefanoiu and Bo Feng and Keshav Dhandhania and Manish Katyal and Akshay Gupta and Atharva Parulekar and Divya Pitta and Jing Zhao and Vivaan Bhatia and Yashodha Bhavnani and Omar Alhadlaq and Xiaolin Li and Peter Danenberg and Dennis Tu and Alex Pine and Vera Filippova and Abhipso Ghosh and Ben Limonchik and Bhargava Urala and Chaitanya Krishna Lanka and Derik Clive and Yi Sun and Edward Li and Hao Wu and Kevin Hongtongsak and Ianna Li and Kalind Thakkar and Kuanysh Omarov and Kushal Majmundar and Michael Alverson and Michael Kucharski and Mohak Patel and Mudit Jain and Maksim Zabelin and Paolo Pelagatti and Rohan Kohli and Saurabh Kumar and Joseph Kim and Swetha Sankar and Vineet Shah and Lakshmi Ramachandruni and Xiangkai Zeng and Ben Bariach and Laura Weidinger and Tu Vu and Alek Andreev and Antoine He and Kevin Hui and Sheleem Kashem and Amar Subramanya and Sissie Hsiao and Demis Hassabis and Koray Kavukcuoglu and Adam Sadovsky and Quoc Le and Trevor Strohman and Yonghui Wu and Slav Petrov and Jeffrey Dean and Oriol Vinyals},
      year={2024},
      eprint={2312.11805},
      archivePrefix={arXiv},
      primaryClass={cs.CL},
      url={https://arxiv.org/abs/2312.11805}, 
}


@misc{grattafiori2024llama3herdmodels,
      title={The Llama 3 Herd of Models}, 
      author={Aaron Grattafiori and Abhimanyu Dubey and Abhinav Jauhri and Abhinav Pandey and Abhishek Kadian and Ahmad Al-Dahle and Aiesha Letman and Akhil Mathur and Alan Schelten and Alex Vaughan and Amy Yang and Angela Fan and Anirudh Goyal and Anthony Hartshorn and Aobo Yang and Archi Mitra and Archie Sravankumar and Artem Korenev and Arthur Hinsvark and Arun Rao and Aston Zhang and Aurelien Rodriguez and Austen Gregerson and Ava Spataru and Baptiste Roziere and Bethany Biron and Binh Tang and Bobbie Chern and Charlotte Caucheteux and Chaya Nayak and Chloe Bi and Chris Marra and Chris McConnell and Christian Keller and Christophe Touret and Chunyang Wu and Corinne Wong and Cristian Canton Ferrer and Cyrus Nikolaidis and Damien Allonsius and Daniel Song and Danielle Pintz and Danny Livshits and Danny Wyatt and David Esiobu and Dhruv Choudhary and Dhruv Mahajan and Diego Garcia-Olano and Diego Perino and Dieuwke Hupkes and Egor Lakomkin and Ehab AlBadawy and Elina Lobanova and Emily Dinan and Eric Michael Smith and Filip Radenovic and Francisco Guzmán and Frank Zhang and Gabriel Synnaeve and Gabrielle Lee and Georgia Lewis Anderson and Govind Thattai and Graeme Nail and Gregoire Mialon and Guan Pang and Guillem Cucurell and Hailey Nguyen and Hannah Korevaar and Hu Xu and Hugo Touvron and Iliyan Zarov and Imanol Arrieta Ibarra and Isabel Kloumann and Ishan Misra and Ivan Evtimov and Jack Zhang and Jade Copet and Jaewon Lee and Jan Geffert and Jana Vranes and Jason Park and Jay Mahadeokar and Jeet Shah and Jelmer van der Linde and Jennifer Billock and Jenny Hong and Jenya Lee and Jeremy Fu and Jianfeng Chi and Jianyu Huang and Jiawen Liu and Jie Wang and Jiecao Yu and Joanna Bitton and Joe Spisak and Jongsoo Park and Joseph Rocca and Joshua Johnstun and Joshua Saxe and Junteng Jia and Kalyan Vasuden Alwala and Karthik Prasad and Kartikeya Upasani and Kate Plawiak and Ke Li and Kenneth Heafield and Kevin Stone and Khalid El-Arini and Krithika Iyer and Kshitiz Malik and Kuenley Chiu and Kunal Bhalla and Kushal Lakhotia and Lauren Rantala-Yeary and Laurens van der Maaten and Lawrence Chen and Liang Tan and Liz Jenkins and Louis Martin and Lovish Madaan and Lubo Malo and Lukas Blecher and Lukas Landzaat and Luke de Oliveira and Madeline Muzzi and Mahesh Pasupuleti and Mannat Singh and Manohar Paluri and Marcin Kardas and Maria Tsimpoukelli and Mathew Oldham and Mathieu Rita and Maya Pavlova and Melanie Kambadur and Mike Lewis and Min Si and Mitesh Kumar Singh and Mona Hassan and Naman Goyal and Narjes Torabi and Nikolay Bashlykov and Nikolay Bogoychev and Niladri Chatterji and Ning Zhang and Olivier Duchenne and Onur Çelebi and Patrick Alrassy and Pengchuan Zhang and Pengwei Li and Petar Vasic and Peter Weng and Prajjwal Bhargava and Pratik Dubal and Praveen Krishnan and Punit Singh Koura and Puxin Xu and Qing He and Qingxiao Dong and Ragavan Srinivasan and Raj Ganapathy and Ramon Calderer and Ricardo Silveira Cabral and Robert Stojnic and Roberta Raileanu and Rohan Maheswari and Rohit Girdhar and Rohit Patel and Romain Sauvestre and Ronnie Polidoro and Roshan Sumbaly and Ross Taylor and Ruan Silva and Rui Hou and Rui Wang and Saghar Hosseini and Sahana Chennabasappa and Sanjay Singh and Sean Bell and Seohyun Sonia Kim and Sergey Edunov and Shaoliang Nie and Sharan Narang and Sharath Raparthy and Sheng Shen and Shengye Wan and Shruti Bhosale and Shun Zhang and Simon Vandenhende and Soumya Batra and Spencer Whitman and Sten Sootla and Stephane Collot and Suchin Gururangan and Sydney Borodinsky and Tamar Herman and Tara Fowler and Tarek Sheasha and Thomas Georgiou and Thomas Scialom and Tobias Speckbacher and Todor Mihaylov and Tong Xiao and Ujjwal Karn and Vedanuj Goswami and Vibhor Gupta and Vignesh Ramanathan and Viktor Kerkez and Vincent Gonguet and Virginie Do and Vish Vogeti and Vítor Albiero and Vladan Petrovic and Weiwei Chu and Wenhan Xiong and Wenyin Fu and Whitney Meers and Xavier Martinet and Xiaodong Wang and Xiaofang Wang and Xiaoqing Ellen Tan and Xide Xia and Xinfeng Xie and Xuchao Jia and Xuewei Wang and Yaelle Goldschlag and Yashesh Gaur and Yasmine Babaei and Yi Wen and Yiwen Song and Yuchen Zhang and Yue Li and Yuning Mao and Zacharie Delpierre Coudert and Zheng Yan and Zhengxing Chen and Zoe Papakipos and Aaditya Singh and Aayushi Srivastava and Abha Jain and Adam Kelsey and Adam Shajnfeld and Adithya Gangidi and Adolfo Victoria and Ahuva Goldstand and Ajay Menon and Ajay Sharma and Alex Boesenberg and Alexei Baevski and Allie Feinstein and Amanda Kallet and Amit Sangani and Amos Teo and Anam Yunus and Andrei Lupu and Andres Alvarado and Andrew Caples and Andrew Gu and Andrew Ho and Andrew Poulton and Andrew Ryan and Ankit Ramchandani and Annie Dong and Annie Franco and Anuj Goyal and Aparajita Saraf and Arkabandhu Chowdhury and Ashley Gabriel and Ashwin Bharambe and Assaf Eisenman and Azadeh Yazdan and Beau James and Ben Maurer and Benjamin Leonhardi and Bernie Huang and Beth Loyd and Beto De Paola and Bhargavi Paranjape and Bing Liu and Bo Wu and Boyu Ni and Braden Hancock and Bram Wasti and Brandon Spence and Brani Stojkovic and Brian Gamido and Britt Montalvo and Carl Parker and Carly Burton and Catalina Mejia and Ce Liu and Changhan Wang and Changkyu Kim and Chao Zhou and Chester Hu and Ching-Hsiang Chu and Chris Cai and Chris Tindal and Christoph Feichtenhofer and Cynthia Gao and Damon Civin and Dana Beaty and Daniel Kreymer and Daniel Li and David Adkins and David Xu and Davide Testuggine and Delia David and Devi Parikh and Diana Liskovich and Didem Foss and Dingkang Wang and Duc Le and Dustin Holland and Edward Dowling and Eissa Jamil and Elaine Montgomery and Eleonora Presani and Emily Hahn and Emily Wood and Eric-Tuan Le and Erik Brinkman and Esteban Arcaute and Evan Dunbar and Evan Smothers and Fei Sun and Felix Kreuk and Feng Tian and Filippos Kokkinos and Firat Ozgenel and Francesco Caggioni and Frank Kanayet and Frank Seide and Gabriela Medina Florez and Gabriella Schwarz and Gada Badeer and Georgia Swee and Gil Halpern and Grant Herman and Grigory Sizov and Guangyi and Zhang and Guna Lakshminarayanan and Hakan Inan and Hamid Shojanazeri and Han Zou and Hannah Wang and Hanwen Zha and Haroun Habeeb and Harrison Rudolph and Helen Suk and Henry Aspegren and Hunter Goldman and Hongyuan Zhan and Ibrahim Damlaj and Igor Molybog and Igor Tufanov and Ilias Leontiadis and Irina-Elena Veliche and Itai Gat and Jake Weissman and James Geboski and James Kohli and Janice Lam and Japhet Asher and Jean-Baptiste Gaya and Jeff Marcus and Jeff Tang and Jennifer Chan and Jenny Zhen and Jeremy Reizenstein and Jeremy Teboul and Jessica Zhong and Jian Jin and Jingyi Yang and Joe Cummings and Jon Carvill and Jon Shepard and Jonathan McPhie and Jonathan Torres and Josh Ginsburg and Junjie Wang and Kai Wu and Kam Hou U and Karan Saxena and Kartikay Khandelwal and Katayoun Zand and Kathy Matosich and Kaushik Veeraraghavan and Kelly Michelena and Keqian Li and Kiran Jagadeesh and Kun Huang and Kunal Chawla and Kyle Huang and Lailin Chen and Lakshya Garg and Lavender A and Leandro Silva and Lee Bell and Lei Zhang and Liangpeng Guo and Licheng Yu and Liron Moshkovich and Luca Wehrstedt and Madian Khabsa and Manav Avalani and Manish Bhatt and Martynas Mankus and Matan Hasson and Matthew Lennie and Matthias Reso and Maxim Groshev and Maxim Naumov and Maya Lathi and Meghan Keneally and Miao Liu and Michael L. Seltzer and Michal Valko and Michelle Restrepo and Mihir Patel and Mik Vyatskov and Mikayel Samvelyan and Mike Clark and Mike Macey and Mike Wang and Miquel Jubert Hermoso and Mo Metanat and Mohammad Rastegari and Munish Bansal and Nandhini Santhanam and Natascha Parks and Natasha White and Navyata Bawa and Nayan Singhal and Nick Egebo and Nicolas Usunier and Nikhil Mehta and Nikolay Pavlovich Laptev and Ning Dong and Norman Cheng and Oleg Chernoguz and Olivia Hart and Omkar Salpekar and Ozlem Kalinli and Parkin Kent and Parth Parekh and Paul Saab and Pavan Balaji and Pedro Rittner and Philip Bontrager and Pierre Roux and Piotr Dollar and Polina Zvyagina and Prashant Ratanchandani and Pritish Yuvraj and Qian Liang and Rachad Alao and Rachel Rodriguez and Rafi Ayub and Raghotham Murthy and Raghu Nayani and Rahul Mitra and Rangaprabhu Parthasarathy and Raymond Li and Rebekkah Hogan and Robin Battey and Rocky Wang and Russ Howes and Ruty Rinott and Sachin Mehta and Sachin Siby and Sai Jayesh Bondu and Samyak Datta and Sara Chugh and Sara Hunt and Sargun Dhillon and Sasha Sidorov and Satadru Pan and Saurabh Mahajan and Saurabh Verma and Seiji Yamamoto and Sharadh Ramaswamy and Shaun Lindsay and Shaun Lindsay and Sheng Feng and Shenghao Lin and Shengxin Cindy Zha and Shishir Patil and Shiva Shankar and Shuqiang Zhang and Shuqiang Zhang and Sinong Wang and Sneha Agarwal and Soji Sajuyigbe and Soumith Chintala and Stephanie Max and Stephen Chen and Steve Kehoe and Steve Satterfield and Sudarshan Govindaprasad and Sumit Gupta and Summer Deng and Sungmin Cho and Sunny Virk and Suraj Subramanian and Sy Choudhury and Sydney Goldman and Tal Remez and Tamar Glaser and Tamara Best and Thilo Koehler and Thomas Robinson and Tianhe Li and Tianjun Zhang and Tim Matthews and Timothy Chou and Tzook Shaked and Varun Vontimitta and Victoria Ajayi and Victoria Montanez and Vijai Mohan and Vinay Satish Kumar and Vishal Mangla and Vlad Ionescu and Vlad Poenaru and Vlad Tiberiu Mihailescu and Vladimir Ivanov and Wei Li and Wenchen Wang and Wenwen Jiang and Wes Bouaziz and Will Constable and Xiaocheng Tang and Xiaojian Wu and Xiaolan Wang and Xilun Wu and Xinbo Gao and Yaniv Kleinman and Yanjun Chen and Ye Hu and Ye Jia and Ye Qi and Yenda Li and Yilin Zhang and Ying Zhang and Yossi Adi and Youngjin Nam and Yu and Wang and Yu Zhao and Yuchen Hao and Yundi Qian and Yunlu Li and Yuzi He and Zach Rait and Zachary DeVito and Zef Rosnbrick and Zhaoduo Wen and Zhenyu Yang and Zhiwei Zhao and Zhiyu Ma},
      year={2024},
      eprint={2407.21783},
      archivePrefix={arXiv},
      primaryClass={cs.AI},
      url={https://arxiv.org/abs/2407.21783}, 
}

@article{yue2023mammoth,
  title={Mammoth: Building math generalist models through hybrid instruction tuning},
  author={Yue, Xiang and Qu, Xingwei and Zhang, Ge and Fu, Yao and Huang, Wenhao and Sun, Huan and Su, Yu and Chen, Wenhu},
  journal={arXiv preprint arXiv:2309.05653},
  year={2023}
}

@article{su2024nemotron,
  title={Nemotron-CC: Transforming Common Crawl into a Refined Long-Horizon Pretraining Dataset},
  author={Su, Dan and Kong, Kezhi and Lin, Ying and Jennings, Joseph and Norick, Brandon and Kliegl, Markus and Patwary, Mostofa and Shoeybi, Mohammad and Catanzaro, Bryan},
  journal={arXiv preprint arXiv:2412.02595},
  year={2024}
}

@article{gulcehre2023reinforced,
  title={Reinforced self-training (rest) for language modeling},
  author={Gulcehre, Caglar and Paine, Tom Le and Srinivasan, Srivatsan and Konyushkova, Ksenia and Weerts, Lotte and Sharma, Abhishek and Siddhant, Aditya and Ahern, Alex and Wang, Miaosen and Gu, Chenjie and others},
  journal={arXiv preprint arXiv:2308.08998},
  year={2023}
}

@article{silver2017mastering,
  title={Mastering the game of go without human knowledge},
  author={Silver, David and Schrittwieser, Julian and Simonyan, Karen and Antonoglou, Ioannis and Huang, Aja and Guez, Arthur and Hubert, Thomas and Baker, Lucas and Lai, Matthew and Bolton, Adrian and others},
  journal={nature},
  volume={550},
  number={7676},
  pages={354--359},
  year={2017},
  publisher={Nature Publishing Group}
}

@article{vinyals2019grandmaster,
  title={Grandmaster level in StarCraft II using multi-agent reinforcement learning},
  author={Vinyals, Oriol and Babuschkin, Igor and Czarnecki, Wojciech M and Mathieu, Micha{\"e}l and Dudzik, Andrew and Chung, Junyoung and Choi, David H and Powell, Richard and Ewalds, Timo and Georgiev, Petko and others},
  journal={nature},
  volume={575},
  number={7782},
  pages={350--354},
  year={2019},
  publisher={Nature Publishing Group}
}

@article{berner2019dota,
  title={Dota 2 with large scale deep reinforcement learning},
  author={Berner, Christopher and Brockman, Greg and Chan, Brooke and Cheung, Vicki and D{\k{e}}biak, Przemys{\l}aw and Dennison, Christy and Farhi, David and Fischer, Quirin and Hashme, Shariq and Hesse, Chris and others},
  journal={arXiv preprint arXiv:1912.06680},
  year={2019}
}

@article{ouyang2022training,
  title={Training language models to follow instructions with human feedback},
  author={Ouyang, Long and Wu, Jeffrey and Jiang, Xu and Almeida, Diogo and Wainwright, Carroll and Mishkin, Pamela and Zhang, Chong and Agarwal, Sandhini and Slama, Katarina and Ray, Alex and others},
  journal={Advances in neural information processing systems},
  volume={35},
  pages={27730--27744},
  year={2022}
}

@article{jaech2024openai,
  title={Openai o1 system card},
  author={Jaech, Aaron and Kalai, Adam and Lerer, Adam and Richardson, Adam and El-Kishky, Ahmed and Low, Aiden and Helyar, Alec and Madry, Aleksander and Beutel, Alex and Carney, Alex and others},
  journal={arXiv preprint arXiv:2412.16720},
  year={2024}
}

@misc{ankner2024critiqueoutloudrewardmodels,
      title={Critique-out-Loud Reward Models}, 
      author={Zachary Ankner and Mansheej Paul and Brandon Cui and Jonathan D. Chang and Prithviraj Ammanabrolu},
      year={2024},
      eprint={2408.11791},
      archivePrefix={arXiv},
      primaryClass={cs.LG},
      url={https://arxiv.org/abs/2408.11791}, 
}


@misc{mcaleese2024llmcriticshelpcatch,
      title={LLM Critics Help Catch LLM Bugs}, 
      author={Nat McAleese and Rai Michael Pokorny and Juan Felipe Ceron Uribe and Evgenia Nitishinskaya and Maja Trebacz and Jan Leike},
      year={2024},
      eprint={2407.00215},
      archivePrefix={arXiv},
      primaryClass={cs.SE},
      url={https://arxiv.org/abs/2407.00215}, 
}

@article{rafailov2024direct,
  title={Direct preference optimization: Your language model is secretly a reward model},
  author={Rafailov, Rafael and Sharma, Archit and Mitchell, Eric and Manning, Christopher D and Ermon, Stefano and Finn, Chelsea},
  journal={Advances in Neural Information Processing Systems},
  volume={36},
  year={2024}
}

@article{yang2024model,
  title={Model merging in llms, mllms, and beyond: Methods, theories, applications and opportunities},
  author={Yang, Enneng and Shen, Li and Guo, Guibing and Wang, Xingwei and Cao, Xiaochun and Zhang, Jie and Tao, Dacheng},
  journal={arXiv preprint arXiv:2408.07666},
  year={2024}
}

@misc{kaplan2020scalinglawsneurallanguage,
      title={Scaling Laws for Neural Language Models}, 
      author={Jared Kaplan and Sam McCandlish and Tom Henighan and Tom B. Brown and Benjamin Chess and Rewon Child and Scott Gray and Alec Radford and Jeffrey Wu and Dario Amodei},
      year={2020},
      eprint={2001.08361},
      archivePrefix={arXiv},
      primaryClass={cs.LG},
      url={https://arxiv.org/abs/2001.08361}, 
}

@misc{hoffmann2022trainingcomputeoptimallargelanguage,
      title={Training Compute-Optimal Large Language Models}, 
      author={Jordan Hoffmann and Sebastian Borgeaud and Arthur Mensch and Elena Buchatskaya and Trevor Cai and Eliza Rutherford and Diego de Las Casas and Lisa Anne Hendricks and Johannes Welbl and Aidan Clark and Tom Hennigan and Eric Noland and Katie Millican and George van den Driessche and Bogdan Damoc and Aurelia Guy and Simon Osindero and Karen Simonyan and Erich Elsen and Jack W. Rae and Oriol Vinyals and Laurent Sifre},
      year={2022},
      eprint={2203.15556},
      archivePrefix={arXiv},
      primaryClass={cs.CL},
      url={https://arxiv.org/abs/2203.15556}, 
}


@misc{villalobos2024rundatalimitsllm,
      title={Will we run out of data? Limits of LLM scaling based on human-generated data}, 
      author={Pablo Villalobos and Anson Ho and Jaime Sevilla and Tamay Besiroglu and Lennart Heim and Marius Hobbhahn},
      year={2024},
      eprint={2211.04325},
      archivePrefix={arXiv},
      primaryClass={cs.LG},
      url={https://arxiv.org/abs/2211.04325}, 
}

@misc{muennighoff2023scalingdataconstrainedlanguagemodels,
      title={Scaling Data-Constrained Language Models}, 
      author={Niklas Muennighoff and Alexander M. Rush and Boaz Barak and Teven Le Scao and Aleksandra Piktus and Nouamane Tazi and Sampo Pyysalo and Thomas Wolf and Colin Raffel},
      year={2023},
      eprint={2305.16264},
      archivePrefix={arXiv},
      primaryClass={cs.CL},
      url={https://arxiv.org/abs/2305.16264}, 
}

@article{wei2024general,
  title={General OCR Theory: Towards OCR-2.0 via a Unified End-to-end Model},
  author={Wei, Haoran and Liu, Chenglong and Chen, Jinyue and Wang, Jia and Kong, Lingyu and Xu, Yanming and Ge, Zheng and Zhao, Liang and Sun, Jianjian and Peng, Yuang and others},
  journal={arXiv preprint arXiv:2409.01704},
  year={2024}
}

@misc{everitt2021rewardtamperingproblemssolutions,
      title={Reward Tampering Problems and Solutions in Reinforcement Learning: A Causal Influence Diagram Perspective}, 
      author={Tom Everitt and Marcus Hutter and Ramana Kumar and Victoria Krakovna},
      year={2021},
      eprint={1908.04734},
      archivePrefix={arXiv},
      primaryClass={cs.AI},
      url={https://arxiv.org/abs/1908.04734}, 
}

@misc{xu2024aguvis,
        title={Aguvis: Unified Pure Vision Agents for Autonomous GUI Interaction},
        author={Yiheng Xu and Zekun Wang and Junli Wang and Dunjie Lu and Tianbao Xie and Amrita Saha and Doyen Sahoo and Tao Yu and Caiming Xiong},
        year={2024},
        eprint={2412.04454},
        archivePrefix={arXiv},
        primaryClass={cs.CL}
    }

@inproceedings{
pan2022the,
title={The Effects of Reward Misspecification: Mapping and Mitigating Misaligned Models},
author={Alexander Pan and Kush Bhatia and Jacob Steinhardt},
booktitle={International Conference on Learning Representations},
year={2022},
url={https://openreview.net/forum?id=JYtwGwIL7ye}
}

@article{liu2023tagging,
  title={What makes good data for alignment? a comprehensive study of automatic data selection in instruction tuning},
  author={Liu, Wei and Zeng, Weihao and He, Keqing and Jiang, Yong and He, Junxian},
  journal={arXiv preprint arXiv:2312.15685},
  year={2023}
}

@article{li2023tagging,
  title={From quantity to quality: Boosting llm performance with self-guided data selection for instruction tuning},
  author={Li, Ming and Zhang, Yong and Li, Zhitao and Chen, Jiuhai and Chen, Lichang and Cheng, Ning and Wang, Jianzong and Zhou, Tianyi and Xiao, Jing},
  journal={arXiv preprint arXiv:2308.12032},
  year={2023}
}



@article{chen2024not,
  title={Do NOT Think That Much for 2+ 3=? On the Overthinking of o1-Like LLMs},
  author={Chen, Xingyu and Xu, Jiahao and Liang, Tian and He, Zhiwei and Pang, Jianhui and Yu, Dian and Song, Linfeng and Liu, Qiuzhi and Zhou, Mengfei and Zhang, Zhuosheng and others},
  journal={arXiv preprint arXiv:2412.21187},
  year={2024}
}

@article{liu2025muon,
  title={Muon is Scalable for LLM Training},
  author={Liu, Jingyuan and Su, Jianlin and Yao, Xingcheng and Jiang, Zhejun and Lai, Guokun and Du, Yulun and Qin, Yidao and Xu, Weixin and Lu, Enzhe and Yan, Junjie and others},
  journal={arXiv preprint arXiv:2502.16982},
  year={2025}
}

@misc{jordan2024muon,
  author       = {Keller Jordan and Yuchen Jin and Vlado Boza and You Jiacheng and
                  Franz Cesista and Laker Newhouse and Jeremy Bernstein},
  title        = {Muon: An optimizer for hidden layers in neural networks},
  year         = {2024},
  url          = {https://kellerjordan.github.io/posts/muon/}
}
@inproceedings{rajbhandari2020zero,
  title={Zero: Memory optimizations toward training trillion parameter models},
  author={Rajbhandari, Samyam and Rasley, Jeff and Ruwase, Olatunji and He, Yuxiong},
  booktitle={SC20: International Conference for High Performance Computing, Networking, Storage and Analysis},
  pages={1--16},
  year={2020},
  organization={IEEE}
}

@article{team2025kimi,
  title={Kimi k1. 5: Scaling reinforcement learning with llms},
  author={Team, Kimi and Du, Angang and Gao, Bofei and Xing, Bowei and Jiang, Changjiu and Chen, Cheng and Li, Cheng and Xiao, Chenjun and Du, Chenzhuang and Liao, Chonghua and others},
  journal={arXiv preprint arXiv:2501.12599},
  year={2025}
}

@misc{li2020pytorchdistributedexperiencesaccelerating,
      title={PyTorch Distributed: Experiences on Accelerating Data Parallel Training}, 
      author={Shen Li and Yanli Zhao and Rohan Varma and Omkar Salpekar and Pieter Noordhuis and Teng Li and Adam Paszke and Jeff Smith and Brian Vaughan and Pritam Damania and Soumith Chintala},
      year={2020},
      eprint={2006.15704},
      archivePrefix={arXiv},
      primaryClass={cs.DC},
      url={https://arxiv.org/abs/2006.15704}, 
}

@misc{chen2016trainingdeepnetssublinear,
      title={Training Deep Nets with Sublinear Memory Cost}, 
      author={Tianqi Chen and Bing Xu and Chiyuan Zhang and Carlos Guestrin},
      year={2016},
      eprint={1604.06174},
      archivePrefix={arXiv},
      primaryClass={cs.LG},
      url={https://arxiv.org/abs/1604.06174}, 
}

@misc{korthikanti2022reducingactivationrecomputationlarge,
      title={Reducing Activation Recomputation in Large Transformer Models}, 
      author={Vijay Korthikanti and Jared Casper and Sangkug Lym and Lawrence McAfee and Michael Andersch and Mohammad Shoeybi and Bryan Catanzaro},
      year={2022},
      eprint={2205.05198},
      archivePrefix={arXiv},
      primaryClass={cs.LG},
      url={https://arxiv.org/abs/2205.05198}, 
}

@misc{liu2023ringattentionblockwisetransformers,
      title={Ring Attention with Blockwise Transformers for Near-Infinite Context}, 
      author={Hao Liu and Matei Zaharia and Pieter Abbeel},
      year={2023},
      eprint={2310.01889},
      archivePrefix={arXiv},
      primaryClass={cs.CL},
      url={https://arxiv.org/abs/2310.01889}, 
}

@misc{jacobs2023deepspeedulyssesoptimizationsenabling,
      title={DeepSpeed Ulysses: System Optimizations for Enabling Training of Extreme Long Sequence Transformer Models}, 
      author={Sam Ade Jacobs and Masahiro Tanaka and Chengming Zhang and Minjia Zhang and Shuaiwen Leon Song and Samyam Rajbhandari and Yuxiong He},
      year={2023},
      eprint={2309.14509},
      archivePrefix={arXiv},
      primaryClass={cs.LG},
      url={https://arxiv.org/abs/2309.14509}, 
}

@misc{huang2019gpipeefficienttraininggiant,
      title={GPipe: Efficient Training of Giant Neural Networks using Pipeline Parallelism}, 
      author={Yanping Huang and Youlong Cheng and Ankur Bapna and Orhan Firat and Mia Xu Chen and Dehao Chen and HyoukJoong Lee and Jiquan Ngiam and Quoc V. Le and Yonghui Wu and Zhifeng Chen},
      year={2019},
      eprint={1811.06965},
      archivePrefix={arXiv},
      primaryClass={cs.CV},
      url={https://arxiv.org/abs/1811.06965}, 
}

@misc{narayanan2021efficientlargescalelanguagemodel,
      title={Efficient Large-Scale Language Model Training on GPU Clusters Using Megatron-LM}, 
      author={Deepak Narayanan and Mohammad Shoeybi and Jared Casper and Patrick LeGresley and Mostofa Patwary and Vijay Anand Korthikanti and Dmitri Vainbrand and Prethvi Kashinkunti and Julie Bernauer and Bryan Catanzaro and Amar Phanishayee and Matei Zaharia},
      year={2021},
      eprint={2104.04473},
      archivePrefix={arXiv},
      primaryClass={cs.CL},
      url={https://arxiv.org/abs/2104.04473}, 
}

@misc{fedus2022switchtransformersscalingtrillion,
      title={Switch Transformers: Scaling to Trillion Parameter Models with Simple and Efficient Sparsity}, 
      author={William Fedus and Barret Zoph and Noam Shazeer},
      year={2022},
      eprint={2101.03961},
      archivePrefix={arXiv},
      primaryClass={cs.LG},
      url={https://arxiv.org/abs/2101.03961}, 
}

@misc{dao2022flashattentionfastmemoryefficientexact,
      title={FlashAttention: Fast and Memory-Efficient Exact Attention with IO-Awareness}, 
      author={Tri Dao and Daniel Y. Fu and Stefano Ermon and Atri Rudra and Christopher Ré},
      year={2022},
      eprint={2205.14135},
      archivePrefix={arXiv},
      primaryClass={cs.LG},
      url={https://arxiv.org/abs/2205.14135}, 
}


@article{liu2025muonscalablellmtraining,
  title={Muon is Scalable for LLM Training},
  author={Liu, Jingyuan and Su, Jianlin and Yao, Xingcheng and Jiang, Zhejun and Lai, Guokun and Du, Yulun and Qin, Yidao and Xu, Weixin and Lu, Enzhe and Yan, Junjie and others},
  journal={arXiv preprint arXiv:2502.16982},
  year={2025}
}

@article{lu2024deepseek,
  title={Deepseek-vl: towards real-world vision-language understanding},
  author={Lu, Haoyu and Liu, Wen and Zhang, Bo and Wang, Bingxuan and Dong, Kai and Liu, Bo and Sun, Jingxiang and Ren, Tongzheng and Li, Zhuoshu and Yang, Hao and others},
  journal={arXiv preprint arXiv:2403.05525},
  year={2024}
}

@inproceedings{fu2024blink,
  title={Blink: Multimodal large language models can see but not perceive},
  author={Fu, Xingyu and Hu, Yushi and Li, Bangzheng and Feng, Yu and Wang, Haoyu and Lin, Xudong and Roth, Dan and Smith, Noah A and Ma, Wei-Chiu and Krishna, Ranjay},
  booktitle={European Conference on Computer Vision},
  pages={148--166},
  year={2024},
  organization={Springer}
}

@article{xie2024osworld,
  title={Osworld: Benchmarking multimodal agents for open-ended tasks in real computer environments},
  author={Xie, Tianbao and Zhang, Danyang and Chen, Jixuan and Li, Xiaochuan and Zhao, Siheng and Cao, Ruisheng and Hua, Toh J and Cheng, Zhoujun and Shin, Dongchan and Lei, Fangyu and others},
  journal={Advances in Neural Information Processing Systems},
  volume={37},
  pages={52040--52094},
  year={2024}
}

@inproceedings{li2025screenspotpro,
  title={ScreenSpot-Pro: GUI Grounding for Professional High-Resolution Computer Use},
  author={Li, Kaixin and Lin, Hongzhan and Luo, Ziyang and Tian, Yuchen and Ma, Jing and Huang, Zhiyong and Chua, Tat-Seng and others},
  booktitle={Workshop on Reasoning and Planning for Large Language Models},
  year={2025}
}

@article{cheng2024seeclick,
  title={Seeclick: Harnessing gui grounding for advanced visual gui agents},
  author={Cheng, Kanzhi and Sun, Qiushi and Chu, Yougang and Xu, Fangzhi and Li, Yantao and Zhang, Jianbing and Wu, Zhiyong},
  journal={arXiv preprint arXiv:2401.10935},
  year={2024}
}

@article{wu2024osatlas,
  title={Os-atlas: A foundation action model for generalist gui agents},
  author={Wu, Zhiyong and Wu, Zhenyu and Xu, Fangzhi and Wang, Yian and Sun, Qiushi and Jia, Chengyou and Cheng, Kanzhi and Ding, Zichen and Chen, Liheng and Liang, Paul Pu and others},
  journal={arXiv preprint arXiv:2410.23218},
  year={2024}
}

@inproceedings{mathew2022infographicvqa,
  title={Infographicvqa},
  author={Mathew, Minesh and Bagal, Viraj and Tito, Rub{\`e}n and Karatzas, Dimosthenis and Valveny, Ernest and Jawahar, CV},
  booktitle={Proceedings of the IEEE/CVF Winter Conference on Applications of Computer Vision},
  pages={1697--1706},
  year={2022}
}

@article{liu2023hidden,
  title={On the hidden mystery of ocr in large multimodal models},
  author={Liu, Yuliang and Li, Zhang and Yang, Biao and Li, Chunyuan and Yin, Xucheng and Liu, Cheng-lin and Jin, Lianwen and Bai, Xiang},
  journal={arXiv e-prints},
  pages={arXiv--2305},
  year={2023}
}

@inproceedings{mathew2021docvqa,
  title={Docvqa: A dataset for vqa on document images},
  author={Mathew, Minesh and Karatzas, Dimosthenis and Jawahar, CV},
  booktitle={Proceedings of the IEEE/CVF winter conference on applications of computer vision},
  pages={2200--2209},
  year={2021}
}


@article{MMBench,
    author  = {Yuan Liu and Haodong Duan and Yuanhan Zhang and Bo Li and Songyang Zhang and Wangbo Zhao and Yike Yuan and Jiaqi Wang and Conghui He and Ziwei Liu and Kai Chen and Dahua Lin},
    journal = {arXiv:2307.06281},
    title   = {MMBench: Is Your Multi-modal Model an All-around Player?},
    year    = {2023},
}

@article{chen2024mmstar,
  title={Are We on the Right Way for Evaluating Large Vision-Language Models?},
  author={Chen, Lin and Li, Jinsong and Dong, Xiaoyi and Zhang, Pan and Zang, Yuhang and Chen, Zehui and Duan, Haodong and Wang, Jiaqi and Qiao, Yu and Lin, Dahua and others},
  journal={arXiv preprint arXiv:2403.20330},
  year={2024}
}


@inproceedings{yu2024mmvet,
  title={Mm-vet: Evaluating large multimodal models for integrated capabilities},
  author={Yu, Weihao and Yang, Zhengyuan and Li, Linjie and Wang, Jianfeng and Lin, Kevin and Liu, Zicheng and Wang, Xinchao and Wang, Lijuan},
  booktitle={International conference on machine learning},
  year={2024},
  organization={PMLR}
}

@inproceedings{kembhavi2016diagram,
title={A diagram is worth a dozen images},
author={Kembhavi, Aniruddha and Salvato, Mike and Kolve, Eric and Seo, Minjoon and Hajishirzi, Hannaneh and Farhadi, Ali},
booktitle={European conference on computer vision},
pages={235--251},
year={2016},
organization={Springer}
}

@inproceedings{kembhavi2016ai2d,
title={A diagram is worth a dozen images},
author={Kembhavi, Aniruddha and Salvato, Mike and Kolve, Eric and Seo, Minjoon and Hajishirzi, Hannaneh and Farhadi, Ali},
booktitle={European conference on computer vision},
pages={235--251},
year={2016},
organization={Springer}
}

@article{realworldQA,
  title={Grok-1.5 Vision Preview},
  author={x.ai},
  year={2024},
  url={https://x.ai/news/grok-1.5v},
}

# Video benchmarks
@article{arxiv2025videommmu,
  title={Video-MMMU: Evaluating Knowledge Acquisition from Multi-Discipline Professional Videos},
  author={Hu, Kairui and Wu, Penghao and Pu, Fanyi and Xiao, Wang and Zhang, Yuanhan and Yue, Xiang and Li, Bo and Liu, Ziwei},
  journal={arXiv preprint arXiv:2501.13826},
  year={2025}
}

@article{arxiv2025mmvu,
  title={MMVU: Measuring Expert-Level Multi-Discipline Video Understanding},
  author={Zhao, Yilun and Xie, Lujing and Zhang, Haowei and Gan, Guo and Long, Yitao and Hu, Zhiyuan and Hu, Tongyan and Chen, Weiyuan and Li, Chuhan and Song, Junyang and others},
  journal={arXiv preprint arXiv:2501.12380},
  year={2025}
}

@article{arxiv2024videomme,
  title={Video-MME: The First-Ever Comprehensive Evaluation Benchmark of Multi-modal LLMs in Video Analysis},
  author={Fu, Chaoyou and Dai, Yuhan and Luo, Yondong and Li, Lei and Ren, Shuhuai and Zhang, Renrui and Wang, Zihan and Zhou, Chenyu and Shen, Yunhang and Zhang, Mengdan and others},
  journal={arXiv:2405.21075},
  year={2024}
}

@article{arxiv2024mlvu,
  title={Mlvu: A comprehensive benchmark for multi-task long video understanding},
  author={Zhou, Junjie and Shu, Yan and Zhao, Bo and Wu, Boya and Xiao, Shitao and Yang, Xi and Xiong, Yongping and Zhang, Bo and Huang, Tiejun and Liu, Zheng},
  journal={arXiv preprint arXiv:2406.04264},
  year={2024}
}

@article{nips2024longvideobench,
  title={Longvideobench: A benchmark for long-context interleaved video-language understanding},
  author={Wu, Haoning and Li, Dongxu and Chen, Bei and Li, Junnan},
  journal={Advances in Neural Information Processing Systems},
  volume={37},
  pages={28828--28857},
  year={2024}
}

@article{nips2023egoschema,
  title={Egoschema: A diagnostic benchmark for very long-form video language understanding},
  author={Mangalam, Karttikeya and Akshulakov, Raiymbek and Malik, Jitendra},
  journal={Advances in Neural Information Processing Systems},
  volume={36},
  pages={46212--46244},
  year={2023}
}

@article{arxiv2024vsibench,
  title={Thinking in space: How multimodal large language models see, remember, and recall spaces},
  author={Yang, Jihan and Yang, Shusheng and Gupta, Anjali W and Han, Rilyn and Fei-Fei, Li and Xie, Saining},
  journal={arXiv preprint arXiv:2412.14171},
  year={2024}
}

@inproceedings{iclr2025tomato,
  title={{TOMATO}: Assessing Visual Temporal Reasoning Capabilities in Multimodal Foundation Models},
  author={Ziyao Shangguan and Chuhan Li and Yuxuan Ding and Yanan Zheng and Yilun Zhao and Tesca Fitzgerald and Arman Cohan},
  booktitle={International Conference on Learning Representations},
  year={2025},
  url={https://openreview.net/forum?id=fCi4o83Mfs}
}

@inproceedings{cvpr2022ego4d,
  title={Ego4d: Around the world in 3,000 hours of egocentric video},
  author={Grauman, Kristen and Westbury, Andrew and Byrne, Eugene and Chavis, Zachary and Furnari, Antonino and Girdhar, Rohit and Hamburger, Jackson and Jiang, Hao and Liu, Miao and Liu, Xingyu and others},
  booktitle={Proceedings of the IEEE/CVF conference on computer vision and pattern recognition},
  pages={18995--19012},
  year={2022}
}

@misc{bonatti2024windowsagentarenaevaluating,
      title={Windows Agent Arena: Evaluating Multi-Modal OS Agents at Scale}, 
      author={Rogerio Bonatti and Dan Zhao and Francesco Bonacci and Dillon Dupont and Sara Abdali and Yinheng Li and Yadong Lu and Justin Wagle and Kazuhito Koishida and Arthur Bucker and Lawrence Jang and Zack Hui},
      year={2024},
      eprint={2409.08264},
      archivePrefix={arXiv},
      primaryClass={cs.AI},
      url={https://arxiv.org/abs/2409.08264}, 
}