@article{luo2023beyond,
  title={Beyond the prior forgery knowledge: Mining critical clues for general face forgery detection},
  author={Luo, A. and Kong, C. and Huang, J. and Hu, Y. and Kang, X. and Kot, A. C},
  journal={IEEE Transactions on Information Forensics and Security},
  volume={19},
  pages={1168--1182},
  year={2023},
  publisher={IEEE}
}
@inproceedings{luo2021capsule,
  title={A capsule network based approach for detection of audio spoofing attacks},
  author={Luo, A. and Li, E. and Liu, Y. and Kang, X. and Wang, Z J.},
  booktitle={ICASSP 2021-2021 IEEE International Conference on Acoustics, Speech and Signal Processing},
  pages={6359--6363},
  year={2021},
  organization={IEEE}
}

@inproceedings{cohen2019certified,
  title={Certified adversarial robustness via randomized smoothing},
  author={Cohen, J. and Rosenfeld, E. and Kolter, Z.},
  booktitle={International Conference on Machine Learning},
  pages={1310--1320},
  year={2019},
  organization={PMLR}
}

@article{gu2023mamba,
  title={Mamba: Linear-time sequence modeling with selective state spaces},
  author={Gu, A. and Dao, T.},
  journal={arXiv preprint arXiv:2312.00752},
  year={2023}
}

@inproceedings{dao2024mamba,
  title={Transformers are SSMs: Generalized Models and Efficient Algorithms with Structured State Space Duality},
  author={Dao, T. and Gu, A.},
  booktitle={International conference on machine learning},
  year={2024}
}


@inproceedings{zhu2024vision,
  title={Vision mamba: Efficient visual representation learning with bidirectional state space model},
  author={Zhu, L. and Liao, B. and Zhang, Q. and Wang, X. and Liu, W. and Wang, X.},
  booktitle={International conference on machine learning},
  year={2024}
}

@article{russakovsky2015imagenet,
  title={Imagenet large scale visual recognition challenge},
  author={Russakovsky, O. and Deng, J. and Su, H. and Krause, J. and Satheesh, S. and Ma, S. and Huang, Z. and Karpathy, A. and Khosla, A. and Bernstein, M. and others},
  journal={International journal of computer vision},
  volume={115},
  pages={211--252},
  year={2015},
  publisher={Springer}
}

@article{song2018constructing,
  title={Constructing unrestricted adversarial examples with generative models},
  author={Song, Y. and Shu, R. and Kushman, N. and Ermon, S.},
  journal={Advances in neural information processing systems},
  volume={31},
  year={2018}
}

@inproceedings{ioffe2015batch,
  title={Batch normalization: Accelerating deep network training by reducing internal covariate shift},
  author={Ioffe, S. and Szegedy, C.},
  booktitle={International conference on machine learning},
  pages={448--456},
  year={2015},
  organization={pmlr}
}

@article{krizhevsky2012imagenet,
  title={Imagenet classification with deep convolutional neural networks},
  author={Krizhevsky, A. and Sutskever, I. and Hinton, G. E},
  journal={Advances in neural information processing systems},
  volume={25},
  year={2012}
}

@inproceedings{zhou2016learning,
  title={Learning deep features for discriminative localization},
  author={Zhou, B. and Khosla, A. and Lapedriza, A. and Oliva, A. and Torralba, A.},
  booktitle={Proceedings of the IEEE conference on computer vision and pattern recognition},
  pages={2921--2929},
  year={2016}
}

@inproceedings{liu2022convnet,
  title={A convnet for the 2020s},
  author={Liu, Z. and Mao, H. and Wu, C. Y. and Feichtenhofer, C. and Darrell, T. and Xie, S.},
  booktitle={Proceedings of the IEEE/CVF conference on computer vision and pattern recognition},
  pages={11976--11986},
  year={2022}
}

@article{singh2024revisiting,
  title={Revisiting adversarial training for imagenet: Architectures, training and generalization across threat models},
  author={Singh, N. D. and Croce, F. and Hein, M.},
  journal={Advances in Neural Information Processing Systems},
  volume={36},
  year={2024}
}

@article{liu2023comprehensive,
  title={A comprehensive study on robustness of image classification models: Benchmarking and rethinking},
  author={Liu, C. and Dong, Y. and Xiang, W. and Yang, X. and Su, H. and Zhu, J. and Chen, Y. and He, Y. and Xue, H. and Zheng, S.},
  journal={arXiv preprint arXiv:2302.14301},
  year={2023}
}


@article{salman2020adversarially,
  title={Do adversarially robust imagenet models transfer better?},
  author={Salman, H. and Ilyas, A. and Engstrom, L. and Kapoor, A. and Madry, A.},
  journal={Advances in Neural Information Processing Systems},
  volume={33},
  pages={3533--3545},
  year={2020}
}


@inproceedings{
tramèr2018ensemble,
title={Ensemble Adversarial Training: Attacks and Defenses},
author={Tramèr, F. and Kurakin, A.  and Papernot, N. and Goodfellow, I. and Boneh, D. and McDaniel, P.},
booktitle={International Conference on Learning Representations},
year={2018},
}


@article{tramer2017ensemble,
  title={Ensemble adversarial training: Attacks and defenses},
  author={Tram{\`e}r, Florian and Kurakin, Alexey and Papernot, Nicolas and Goodfellow, Ian and Boneh, Dan and McDaniel, Patrick},
  journal={arXiv preprint arXiv:1705.07204},
  year={2017}
}


@inproceedings{lee2023robust,
  title={Robust evaluation of diffusion-based adversarial purification},
  author={Lee, M. and Kim, D.},
  booktitle={Proceedings of the IEEE/CVF International Conference on Computer Vision},
  pages={134--144},
  year={2023}
}

@article{salman2020denoised,
  title={Denoised smoothing: A provable defense for pretrained classifiers},
  author={Salman, H. and Sun, M. and Yang, G. and Kapoor, A. and Kolter, J Z.},
  journal={Advances in Neural Information Processing Systems},
  volume={33},
  pages={21945--21957},
  year={2020}
}

@inproceedings{naseer2020self,
  title={A self-supervised approach for adversarial robustness},
  author={Naseer, M. and Khan, S. and Hayat, M. and Khan, F. S. and Porikli, F.},
  booktitle={Proceedings of the IEEE/CVF Conference on Computer Vision and Pattern Recognition},
  pages={262--271},
  year={2020}
}

@inproceedings{ke2021musiq,
  title={Musiq: Multi-scale image quality transformer},
  author={Ke, J. and Wang, Q. and Wang, Y. and Milanfar, P. and Yang, F.},
  booktitle={Proceedings of the IEEE/CVF international conference on computer vision},
  pages={5148--5157},
  year={2021}
}


@article{heusel2017gans,
  title={Gans trained by a two time-scale update rule converge to a local nash equilibrium},
  author={Heusel, M. and Ramsauer, H. and Unterthiner, T. and Nessler, B. and Hochreiter, S.},
  journal={Advances in neural information processing systems},
  volume={30},
  year={2017}
}

@article{yuan2022natural,
  title={Natural color fool: Towards boosting black-box unrestricted attacks},
  author={Yuan, S. and Zhang, Q. and Gao, L. and Cheng, Y. and Song, J.},
  journal={Advances in Neural Information Processing Systems},
  volume={35},
  pages={7546--7560},
  year={2022}
}


@article{chen2024content,
  title={Content-based unrestricted adversarial attack},
  author={Chen, Z. and Li, B. and Wu, S. and Jiang, K. and Ding, S. and Zhang, W.},
  journal={Advances in Neural Information Processing Systems},
  volume={36},
  year={2024}
}

@inproceedings{sandler2018mobilenetv2,
  title={Mobilenetv2: Inverted residuals and linear bottlenecks},
  author={Sandler, M. and Howard, A. and Zhu, M. and Zhmoginov, A. and Chen, L.},
  booktitle={Proceedings of the IEEE Conference on Computer Vision and Pattern Recognition},
  pages={4510--4520},
  year={2018}
}

@inproceedings{guo2018countering,
  title={Countering Adversarial Images using Input Transformations},
  author={Guo, C. and Rana, M. and Cisse, M. and van der Maaten, L.},
  booktitle={International Conference on Learning Representations},
  year={2018}
}

@inproceedings{das2018shield,
  title={Shield: Fast, practical defense and vaccination for deep learning using jpeg compression},
  author={Das, N. and Shanbhogue, M. and Chen, S. and Hohman, F. and Li, S. and Chen, L. and Kounavis, M. E. and Chau, D.},
  booktitle={Proceedings of the 24th ACM SIGKDD International Conference on Knowledge Discovery \& Data Mining},
  pages={196--204},
  year={2018}
}

@inproceedings{zhang2018unreasonable,
  title={The unreasonable effectiveness of deep features as a perceptual metric},
  author={Zhang, R. and Isola, P. and Efros, A. A. and Shechtman, E. and Wang, O.},
  booktitle={Proceedings of the IEEE Conference on Computer Vision and Pattern Recognition},
  pages={586--595},
  year={2018}
}

@article{wang2004image,
  title={Image quality assessment: from error visibility to structural similarity},
  author={Wang, Z. and Bovik, A. C. and Sheikh, H. R. and Simoncelli, E. P.},
  journal={IEEE Transactions on Image Processing},
  volume={13},
  number={4},
  pages={600--612},
  year={2004},
  publisher={IEEE}
}

@inproceedings{liu2021swin,
  title={Swin transformer: Hierarchical vision transformer using shifted windows},
  author={Liu, Z. and Lin, Y. and Cao, Y. and Hu, H. and Wei, Y. and Zhang, Z. and Lin, S. and Guo, B.},
  booktitle={Proceedings of the IEEE/CVF International Conference on Computer Vision},
  pages={10012--10022},
  year={2021}
}

@inproceedings{szegedy2016rethinking,
  title={Rethinking the inception architecture for computer vision},
  author={Szegedy, C. and Vanhoucke, V. and Ioffe, S. and Shlens, J. and Wojna, Z.},
  booktitle={Proceedings of the IEEE Conference on Computer Vision and Pattern Recognition},
  pages={2818--2826},
  year={2016}
}

@inproceedings{selvaraju2017grad,
  title={Grad-cam: Visual explanations from deep networks via gradient-based localization},
  author={Selvaraju, R. R. and Cogswell, M. and Das, A. and Vedantam, R. and Parikh, D. and Batra, D.},
  booktitle={Proceedings of the IEEE International Conference on Computer Vision},
  pages={618--626},
  year={2017}
}

@inproceedings{song2020denoising,
  title={Denoising Diffusion Implicit Models},
  author={Song, J. and Meng, C. and Ermon, S.},
  booktitle={International Conference on Learning Representations},
  year={2020}
}

@article{yuan2019adversarial,
  title={Adversarial examples: Attacks and defenses for deep learning},
  author={Yuan, X. and He, P. and Zhu, Q. and Li, X.},
  journal={IEEE Transactions on Neural Networks and Learning Systems},
  volume={30},
  number={9},
  pages={2805--2824},
  year={2019},
  publisher={IEEE}
}

@inproceedings{carion2020end,
  title={End-to-end object detection with transformers},
  author={Carion, N. and Massa, F. and Synnaeve, G. and Usunier, N. and Kirillov, A. and Zagoruyko, S.},
  booktitle={European conference on computer vision},
  pages={213--229},
  year={2020},
  organization={Springer}
}

@article{vaswani2017attention,
  title={Attention is all you need},
  author={Vaswani, A. and Shazeer, N. and Parmar, N. and Uszkoreit, J. and Jones, L. and Gomez, A. N. and Kaiser, {\L}ukasz and Polosukhin, Illia},
  journal={Advances in neural information processing systems},
  volume={30},
  year={2017}
}

@inproceedings{he2016deep,
  title={Deep residual learning for image recognition},
  author={He, K. and Zhang, X. and Ren, S. and Sun, J.},
  booktitle={Proceedings of the IEEE Conference on Computer VVision and pattern recognition},
  pages={770--778},
  year={2016}
}

@inproceedings{dong2018boosting,
  title={Boosting adversarial attacks with momentum},
  author={Dong, Y. and Liao, F. and Pang, T. and Su, H. and Zhu, J. and Hu, X. and Li, J.},
  booktitle={Proceedings of the IEEE Conference on Computer Vision and Pattern Recognition},
  pages={9185--9193},
  year={2018}
}

@inproceedings{wei2023enhancing,
  title={Enhancing the Self-Universality for Transferable Targeted Attacks},
  author={Wei, Z. and Chen, J. and Wu, Z. and Jiang, Y.},
  booktitle={Proceedings of the IEEE/CVF Conference on Computer Vision and Pattern Recognition},
  pages={12281--12290},
  year={2023}
}

@article{madry2018towards,
  title={Towards deep learning models resistant to adversarial attacks},
  author={Madry, A. and Makelov, A. and Schmidt, L. and Tsipras, D. and Vladu, A.},
  journal={International Conference on Learning Representations},
  year={2018}
}

@inproceedings{chen2023advdiffuser,
  title={Advdiffuser: Natural adversarial example synthesis with diffusion models},
  author={Chen, X. and Gao, X. and Zhao, J. and Ye, K. and Xu, C.},
  booktitle={Proceedings of the IEEE/CVF International Conference on Computer Vision},
  pages={4562--4572},
  year={2023}
}

@inproceedings{rombach2022high,
  title={High-resolution image synthesis with latent diffusion models},
  author={Rombach, R. and Blattmann, A. and Lorenz, D. and Esser, P. and Ommer, B.},
  booktitle={Proceedings of the IEEE/CVF Conference on Computer Cision and Pattern Recognition},
  pages={10684--10695},
  year={2022}
}

@inproceedings{chen2023content,
  title={Content-based Unrestricted Adversarial Attack},
  author={Chen, Z. and Li, B. and Wu, S. and Jiang, K. and Ding, S. and Zhang, W.},
  booktitle={Thirty-seventh Conference on Neural Information Processing Systems},
  year={2023}
}

@inproceedings{xue2023diffusion,
  title={Diffusion-Based Adversarial Sample Generation for Improved Stealthiness and Controllability},
  author={Xue, H. and Araujo, A. and Hu, B. and Chen, Y.},
  booktitle={Thirty-seventh Conference on Neural Information Processing Systems},
  year={2023}
}


@inproceedings{luo2018towards,
  title={Towards imperceptible and robust adversarial example attacks against neural networks},
  author={Luo, B. and Liu, Y. and Wei, L. and Xu, Q.},
  booktitle={Proceedings of the AAAI Conference on Artificial Intelligence},
  volume={32},
  number={1},
  year={2018}
}

@inproceedings{luo2022frequency,
  title={Frequency-driven imperceptible adversarial attack on semantic similarity},
  author={Luo, C. and Lin, Q. and Xie, W. and Wu, B. and Xie, J. and Shen, L.},
  booktitle={Proceedings of the IEEE/CVF Conference on Computer Vision and Pattern Recognition},
  pages={15315--15324},
  year={2022}
}

@inproceedings{duan2021advdrop,
  title={Advdrop: Adversarial attack to dnns by dropping information},
  author={Duan, R. and Chen, Y. and Niu, D. and Yang, Y. and Qin, A. and He, Y.},
  booktitle={Proceedings of the IEEE/CVF International Conference on Computer Vision},
  pages={7506--7515},
  year={2021}
}

@inproceedings{zhao2020towards,
  title={Towards large yet imperceptible adversarial image perturbations with perceptual color distance},
  author={Zhao, Z. and Liu, Z. and Larson, M.},
  booktitle={Proceedings of the IEEE/CVF Conference on Computer Vision and Pattern Recognition},
  pages={1039--1048},
  year={2020}
}

@inproceedings{jia2022exploring,
  title={Exploring frequency adversarial attacks for face forgery detection},
  author={Jia, S. and Ma, C. and Yao, T. and Yin, B. and Ding, S. and Yang, X.},
  booktitle={Proceedings of the IEEE/CVF Conference on Computer Vision and Pattern Recognition},
  pages={4103--4112},
  year={2022}
}
@inproceedings{croce2019sparse,
  title={Sparse and imperceivable adversarial attacks},
  author={Croce, F. and Hein, M.},
  booktitle={Proceedings of the IEEE/CVF international conference on computer vision},
  pages={4724--4732},
  year={2019}
}

@inproceedings{laidlaw2021perceptual,
  title={Perceptual Adversarial Robustness: Defense Against Unseen Threat Models},
  author={Laidlaw, C. and Singla, S. and Feizi, S.},
  booktitle={International Conference on Learning Representations},
  year={2021}
}

@inproceedings{carlini2017towards,
  title={Towards evaluating the robustness of neural networks},
  author={Carlini, N. and Wagner, D.},
  booktitle={IEEE Symposium on Security and Privacy},
  pages={39--57},
  year={2017},
  organization={IEEE}
}

@article{chen2023diffusion,
  title={Diffusion Models for Imperceptible and Transferable Adversarial Attack},
  author={Chen, J. and Chen, H. and Chen, K. and Zhang, Y. and Zou, Z. and Shi, Z.},
  journal={arXiv preprint arXiv:2305.08192},
  year={2023}
}

@inproceedings{42503,
    title	= {Intriguing properties of neural networks},
    author	= {Szegedy, C. and Zaremba, W. and Sutskever, I. and Bruna, J. and Erhan, D. and Goodfellow, I. and Fergus, R.},
    year	= {2014},
    booktitle	= {International Conference on Learning Representations}
}


@article{song2019generative,
  title={Generative modeling by estimating gradients of the data distribution},
  author={Song, Y. and Ermon, S.},
  journal={Advances in neural information processing systems},
  volume={32},
  year={2019}
}

@inproceedings{song2020score,
  title={Score-Based Generative Modeling through Stochastic Differential Equations},
  author={Song, Y. and Sohl-Dickstein, J. and Kingma, D. P. and Kumar, A. and Ermon, S. and Poole, B.},
  booktitle={International Conference on Learning Representations},
  year={2020}
}

@article{dhariwal2021diffusion,
  title={Diffusion models beat gans on image synthesis},
  author={Dhariwal, P. and Nichol, A.},
  journal={Advances in neural information processing systems},
  volume={34},
  pages={8780--8794},
  year={2021}
}

@article{ho2020denoising,
  title={Denoising diffusion probabilistic models},
  author={Ho, J. and Jain, A. and Abbeel, P.},
  journal={Advances in neural information processing systems},
  volume={33},
  pages={6840--6851},
  year={2020}
}

@inproceedings{chen2023imperceptible,
  title={Imperceptible adversarial attack via invertible neural networks},
  author={Chen, Z. and Wang, Z. and Huang, J. and Zhao, W. and Liu, X. and Guan, D.},
  booktitle={Proceedings of the AAAI Conference on Artificial Intelligence},
  volume={37},
  number={1},
  pages={414--424},
  year={2023}
}


@inproceedings{zhang2022enhancing,
  title={Enhancing the transferability of adversarial examples with random patch},
  author={Zhang, Y. and Tan, Y. and Chen, T. and Liu, X. and Zhang, Q. and Li, Y.},
  booktitle={Proceedings of the Thirty-First International Joint Conference on Artificial Intelligence, IJCAI-22},
  pages={1672--1678},
  year={2022}
}

@inproceedings{goodfellow2014explaining,
    title={Explaining and Harnessing Adversarial Examples},
    author={Goodfellow, I. and Shlens, J. and Szegedy, C.},
    year={2015},
    booktitle={International Conference on Learning Representations}
}


@article{liu2023dualflow,
  title={DualFlow: Generating imperceptible adversarial examples by flow field and normalize flow-based model},
  author={Liu, R. and Jin, X. and Hu, D. and Zhang, J. and Wang, Y. and Zhang, J. and Zhou, W.},
  journal={Frontiers in Neurorobotics},
  volume={17},
  pages={1129720},
  year={2023},
  publisher={Frontiers}
}

@inproceedings{sharif2018suitability,
  title={On the suitability of lp-norms for creating and preventing adversarial examples},
  author={Sharif, M. and Bauer, L. and Reiter, M.},
  booktitle={Proceedings of the IEEE Conference on Computer Vision and Pattern Recognition Workshops},
  pages={1605--1613},
  year={2018}
}

