@article{harsh2020placecell,
  title         = {{'Place-cell' Emergence and Learning of Invariant Data with Restricted Boltzmann Machines: Breaking and Dynamical Restoration of Continuous Symmetries in the Weight Space}},
  shorttitle    = {`{{Place-cell}}' Emergence and Learning of Invariant Data with Restricted {{Boltzmann}} Machines},
  author        = {Harsh, Moshir and Tubiana, J\'er\^ome and Cocco, Simona and Monasson, R\'emi},
  publisher     = {IOP Publishing},
  volume        = 53,
  number        = 17,
  pages         = 174002,
  url           = {https://dx.doi.org/10.1088/1751-8121/ab7d00},
  date          = {2020-04},
  journaltitle  = {Journal of Physics A: Mathematical and Theoretical},
  shortjournal  = {J. Phys. A: Math. Theor.},
}
@inproceedings{chen2020simple,
  title         = {{A Simple Framework for Contrastive Learning of Visual Representations}},
  author        = {Chen, Ting and Kornblith, Simon and Norouzi, Mohammad and Hinton, Geoffrey},
  booktitle     = {Proceedings of the 37th {{International Conference}} on {{Machine Learning}}},
  publisher     = {Pmlr},
  pages         = {1597--1607},
  url           = {https://proceedings.mlr.press/v119/chen20j.html},
  date          = {2020-11-21},
  eventtitle    = {International {{Conference}} on {{Machine Learning}}},
}
@article{sorscher2023unified,
  title         = {{A unified theory for the computational and mechanistic origins of grid cells}},
  author        = {Sorscher, Ben and Mel, Gabriel C. and Ocko, Samuel A. and Giocomo, Lisa M. and Ganguli, Surya},
  publisher     = {Elsevier},
  volume        = 111,
  number        = 1,
  pages         = {121--137.e13},
  url           = {https://www.cell.com/neuron/abstract/S0896-6273(22)00907-2},
  date          = {2023-01-04},
  journaltitle  = {Neuron},
  shortjournal  = {Neuron},
  eprint        = 36306779,
  eprinttype    = {pmid},
}
@inproceedings{dorrell2023actionable,
  title         = {{Actionable Neural Representations: Grid Cells from Minimal Constraints}},
  shorttitle    = {Actionable Neural Representations},
  author        = {Dorrell, Will and Latham, Peter E. and Behrens, Timothy E. J. and Whittington, James C. R.},
  url           = {https://openreview.net/forum?id=xfqDe72zh41},
  date          = 2023,
  eventtitle    = {The {{Eleventh International Conference}} on {{Learning Representations}}},
}
@article{jones1987evaluation,
  title         = {{An Evaluation of the Two-Dimensional Gabor Filter Model of Simple Receptive Fields in Cat Striate Cortex}},
  author        = {Jones, J. P. and Palmer, L. A.},
  publisher     = {American Physiological Society},
  volume        = 58,
  number        = 6,
  pages         = {1233--1258},
  url           = {https://journals.physiology.org/doi/abs/10.1152/jn.1987.58.6.1233},
  date          = {1987-12},
  journaltitle  = {Journal of Neurophysiology},
}
@article{farrell2021autoencoder,
  title         = {{Autoencoder Networks Extract Latent Variables and Encode These Variables in Their Connectomes}},
  author        = {Farrell, Matthew and Recanatesi, Stefano and Reid, R. Clay and Mihalas, Stefan and Shea-Brown, Eric},
  volume        = 141,
  pages         = {330--343},
  url           = {https://www.sciencedirect.com/science/article/pii/S0893608021000903},
  date          = {2021-09-01},
  journaltitle  = {Neural Networks},
  shortjournal  = {Neural Networks},
}
@article{deweese2003binary,
  title         = {{Binary Spiking in Auditory Cortex}},
  author        = {DeWeese, Michael R. and Wehr, Michael and Zador, Anthony M.},
  volume        = 23,
  number        = 21,
  pages         = {7940--7949},
  url           = {https://www.jneurosci.org/lookup/doi/10.1523/JNEUROSCI.23-21-07940.2003},
  date          = {2003-08-27},
  journaltitle  = {The Journal of Neuroscience},
  shortjournal  = {J. Neurosci.},
}
@article{dacey2000center,
  title         = {{Center Surround Receptive Field Structure of Cone Bipolar Cells in Primate Retina}},
  author        = {Dacey, Dennis and Packer, Orin S. and Diller, Lisa and Brainard, David and Peterson, Beth and Lee, Barry},
  volume        = 40,
  number        = 14,
  pages         = {1801--1811},
  url           = {https://www.sciencedirect.com/science/article/pii/S0042698900000390},
  date          = {2000-06-01},
  journaltitle  = {Vision Research},
  shortjournal  = {Vision Research},
}
@inproceedings{chan2022data,
  title         = {{Data Distributional Properties Drive Emergent In-Context Learning in Transformers}},
  author        = {Chan, Stephanie C. Y. and Santoro, Adam and Lampinen, Andrew K. and Wang, Jane X. and Singh, Aaditya and Richemond, Pierre H. and McClelland, Jay and Hill, Felix},
  booktitle     = {Advances in {{Neural Information Processing Systems}}},
  url           = {http://arxiv.org/abs/2205.05055},
  date          = {2022-10-10},
  eprint        = {2205.05055},
  eprinttype    = {arxiv},
  eprintclass   = {cs},
  eventtitle    = {Conference on {{Neural Information Processing Systems}}},
}
@inproceedings{whittington2023disentanglement,
  title         = {{Disentanglement with Biological Constraints: A Theory of Functional Cell Types}},
  shorttitle    = {Disentanglement with Biological Constraints},
  author        = {Whittington, James C. R. and Dorrell, Will and Ganguli, Surya and Behrens, Timothy},
  booktitle     = {Proceedings of the 11th {{International Conference}} on {{Learning Representations}}},
  url           = {https://openreview.net/forum?id=9Z\%5FGfhZnGH},
  date          = 2023,
  eventtitle    = {International {{Conference}} on {{Learning Representations}}},
}
@article{stork1990gabor,
  title         = {{Do Gabor Functions Provide Appropriate Descriptions of Visual Cortical Receptive Fields?}},
  author        = {Stork, David G. and Wilson, Hugh R.},
  publisher     = {Optica Publishing Group},
  volume        = 7,
  number        = 8,
  pages         = {1362--1373},
  url           = {https://opg.optica.org/josaa/abstract.cfm?uri=josaa-7-8-1362},
  date          = {1990-08-01},
  journaltitle  = {Josa A},
  shortjournal  = {J. Opt. Soc. Am. A, JOSAA},
}
@article{carandini2005we,
  title         = {{Do We Know What the Early Visual System Does?}},
  author        = {Carandini, Matteo and Demb, Jonathan B. and Mante, Valerio and Tolhurst, David J. and Dan, Yang and Olshausen, Bruno A. and Gallant, Jack L. and Rust, Nicole C.},
  publisher     = {Society for Neuroscience},
  volume        = 25,
  number        = 46,
  pages         = {10577--10597},
  url           = {https://www.jneurosci.org/content/25/46/10577},
  date          = {2005-11-16},
  journaltitle  = {Journal of Neuroscience},
  shortjournal  = {J. Neurosci.},
  eprint        = 16291931,
  eprinttype    = {pmid},
}
@inproceedings{karklin2011efficient,
  title         = {{Efficient Coding of Natural Images with a Population of Noisy Linear-Nonlinear Neurons}},
  author        = {Karklin, Yan and Simoncelli, Eero},
  booktitle     = {Advances in {{Neural Information Processing Systems}}},
  publisher     = {Curran Associates, Inc.},
  volume        = 24,
  url           = {https://proceedings.neurips.cc/paper/2011/hash/12e59a33dea1bf0630f46edfe13d6ea2-Abstract.html},
  date          = 2011,
}
@article{doi2012efficient,
  title         = {{Efficient Coding of Spatial Information in the Primate Retina}},
  author        = {Doi, Eizaburo and Gauthier, Jeffrey L. and Field, Greg D. and Shlens, Jonathon and Sher, Alexander and Greschner, Martin and Machado, Timothy A. and Jepson, Lauren H. and Mathieson, Keith and Gunning, Deborah E. and Litke, Alan M. and Paninski, Liam and Chichilnisky, E. J. and Simoncelli, Eero P.},
  volume        = 32,
  number        = 46,
  pages         = {16256--16264},
  url           = {https://www.jneurosci.org/lookup/doi/10.1523/JNEUROSCI.4036-12.2012},
  date          = {2012-11-14},
  journaltitle  = {The Journal of Neuroscience},
  shortjournal  = {J. Neurosci.},
}
@article{olshausen1996emergence,
  title         = {{Emergence of Simple-Cell Receptive Field Properties by Learning a Sparse Code for Natural Images}},
  author        = {Olshausen, Bruno A. and Field, David J.},
  volume        = 381,
  number        = 6583,
  pages         = {607--609},
  url           = {https://doi.org/10.1038/381607a0},
  date          = {1996-06-01},
  journaltitle  = {Nature},
  shortjournal  = {Nature},
}
@inproceedings{bricken2023emergence,
  title         = {{Emergence of Sparse Representations from Noise}},
  author        = {Bricken, Trenton and Schaeffer, Rylan and Olshausen, Bruno and Kreiman, Gabriel},
  booktitle     = {Proceedings of the 40th {{International Conference}} on {{Machine Learning}}},
  publisher     = {Pmlr},
  pages         = {3148--3191},
  url           = {https://proceedings.mlr.press/v202/bricken23a.html},
  date          = {2023-07-03},
  eventtitle    = {International {{Conference}} on {{Machine Learning}}},
}
@article{hyvarinen1999fast,
  title         = {{Fast and Robust Fixed-Point Algorithms for Independent Component Analysis}},
  author        = {Hyvarinen, A.},
  volume        = 10,
  number        = 3,
  pages         = {626--634},
  url           = {http://ieeexplore.ieee.org/document/761722/},
  date          = {1999-05},
  journaltitle  = {IEEE Transactions on Neural Networks},
  shortjournal  = {IEEE Trans. Neural Netw.},
}
@article{linsker1986basic,
  title         = {{From basic network principles to neural architecture: Emergence of orientation-selective cells}},
  shorttitle    = {From Basic Network Principles to Neural Architecture},
  author        = {Linsker, R},
  publisher     = {Proceedings of the National Academy of Sciences},
  volume        = 83,
  number        = 21,
  pages         = {8390--8394},
  url           = {https://www.pnas.org/doi/abs/10.1073/pnas.83.21.8390},
  date          = {1986-11},
  journaltitle  = {Proceedings of the National Academy of Sciences},
}
@article{chichilnisky2002functional,
  title         = {{Functional Asymmetries in ON and OFF Ganglion Cells of Primate Retina}},
  author        = {Chichilnisky, E. J. and Kalmar, Rachel S.},
  publisher     = {Society for Neuroscience},
  volume        = 22,
  number        = 7,
  pages         = {2737--2747},
  url           = {https://www.jneurosci.org/content/22/7/2737},
  date          = {2002-04-01},
  journaltitle  = {Journal of Neuroscience},
  shortjournal  = {J. Neurosci.},
  eprint        = 11923439,
  eprinttype    = {pmid},
}
@article{niell2008highly,
  title         = {{Highly Selective Receptive Fields in Mouse Visual Cortex}},
  author        = {Niell, Cristopher M. and Stryker, Michael P.},
  volume        = 28,
  number        = 30,
  pages         = {7520--7536},
  url           = {https://www.jneurosci.org/lookup/doi/10.1523/JNEUROSCI.0623-08.2008},
  date          = {2008-07-23},
  journaltitle  = {The Journal of Neuroscience},
  shortjournal  = {J. Neurosci.},
}
@article{olshausen2005how,
  title         = {{How Close Are We to Understanding V1?}},
  author        = {Olshausen, Bruno A. and Field, David J.},
  volume        = 17,
  number        = 8,
  pages         = {1665--1699},
  url           = {https://doi.org/10.1162/0899766054026639},
  date          = {2005-08},
  journaltitle  = {Neural Computation},
  shortjournal  = {Neural Comput},
  eprint        = 15969914,
  eprinttype    = {pmid},
}
@inproceedings{krizhevsky2012imagenet,
  title         = {{ImageNet Classification with Deep Convolutional Neural Networks}},
  author        = {Krizhevsky, Alex and Sutskever, Ilya and Hinton, Geoffrey E},
  booktitle     = {Advances in {{Neural Information Processing Systems}}},
  publisher     = {Curran Associates, Inc.},
  volume        = 25,
  url           = {https://proceedings.neurips.cc/paper\%5Ffiles/paper/2012/hash/c399862d3b9d6b76c8436e924a68c45b-Abstract.html},
  date          = 2012,
}
@article{hyvarinen2000independent,
  title         = {{Independent Component Analysis: Algorithms and Applications}},
  shorttitle    = {Independent Component Analysis},
  author        = {Hyv\"arinen, A. and Oja, E.},
  volume        = 13,
  number        = 4,
  pages         = {411--430},
  url           = {https://www.sciencedirect.com/science/article/pii/S0893608000000265},
  date          = {2000-06-01},
  journaltitle  = {Neural Networks},
  shortjournal  = {Neural Networks},
}
@article{vanhateren1998independent,
  title         = {{Independent Component Filters of Natural Images Compared with Simple Cells in Primary Visual Cortex}},
  author        = {family=Hateren, given=J. H., prefix=van, useprefix=true and family=Schaaf, given=A., prefix=van der, useprefix=true},
  publisher     = {Royal Society},
  volume        = 265,
  number        = 1394,
  pages         = {359--366},
  url           = {https://royalsocietypublishing.org/doi/10.1098/rspb.1998.0303},
  date          = {1998-03-07},
  journaltitle  = {Proceedings of the Royal Society of London. Series B: Biological Sciences},
}
@inproceedings{woodworth2020kernel,
  title         = {{Kernel and Rich Regimes in Overparametrized Models}},
  author        = {Woodworth, Blake and Gunasekar, Suriya and Lee, Jason D. and Moroshko, Edward and Savarese, Pedro and Golan, Itay and Soudry, Daniel and Srebro, Nathan},
  booktitle     = {Proceedings of {{Thirty Third Conference}} on {{Learning Theory}}},
  publisher     = {Pmlr},
  pages         = {3635--3673},
  url           = {https://proceedings.mlr.press/v125/woodworth20a.html},
  date          = {2020-07-15},
  eventtitle    = {Conference on {{Learning Theory}}},
}
@inproceedings{sengupta2018manifoldtiling,
  title         = {{Manifold-Tiling Localized Receptive Fields Are Optimal in Similarity-Preserving Neural Networks}},
  author        = {Sengupta, Anirvan and Pehlevan, Cengiz and Tepper, Mariano and Genkin, Alexander and Chklovskii, Dmitri},
  booktitle     = {Advances in {{Neural Information Processing Systems}}},
  publisher     = {Curran Associates, Inc.},
  volume        = 31,
  url           = {https://proceedings.neurips.cc/paper/2018/hash/ee14c41e92ec5c97b54cf9b74e25bd99-Abstract.html},
  date          = 2018,
}
@article{marcelja1980mathematical,
  title         = {{Mathematical Description of the Responses of Simple Cortical Cells}},
  author        = {Mar\^celja, S.},
  volume        = 70,
  number        = 11,
  pages         = {1297--1300},
  date          = {1980-11},
  journaltitle  = {Journal of the Optical Society of America},
  shortjournal  = {J Opt Soc Am},
  eprint        = 7463179,
  eprinttype    = {pmid},
}
@article{goldt2020modelling,
  title         = {{Modelling the Influence of Data Structure on Learning in Neural Networks: The Hidden Manifold Model}},
  shorttitle    = {Modelling the Influence of Data Structure on Learning in Neural Networks},
  author        = {Goldt, Sebastian and M\'ezard, Marc and Krzakala, Florent and Zdeborov\'a, Lenka},
  volume        = 10,
  number        = 4,
  pages         = {041044},
  url           = {http://arxiv.org/abs/1909.11500},
  date          = {2020-12-03},
  journaltitle  = {Physical Review X},
  shortjournal  = {Phys. Rev. X},
  eprint        = {1909.11500},
  eprinttype    = {arxiv},
  eprintclass   = {cond-mat, stat},
}
@book{hyvarinen2009natural,
  title         = {{Natural Image Statistics}},
  author        = {Hyv\"arinen, Aapo and Hurri, Jarmo and Hoyer, Patrik O.},
  location      = {London},
  publisher     = {Springer},
  series        = {Computational {{Imaging}} and {{Vision}}},
  volume        = 39,
  url           = {http://link.springer.com/10.1007/978-1-84882-491-1},
  editorb       = {Viergever, Max and Borgefors, Gunilla and Deriche, Rachid and Huang, Thomas S. and Ikeuchi, Katsushi and Jiang, Tianzi and Klette, Reinhard and Leonardis, Ales and Peitgen, Heinz-Otto and Tsotsos, John K.},
  editorbtype   = {redactor},
  date          = 2009,
}
@article{fukushima1980neocognitron,
  title         = {{Neocognitron: A Self-Organizing Neural Network Model for a Mechanism of Pattern Recognition Unaffected by Shift in Position}},
  shorttitle    = {Neocognitron},
  author        = {Fukushima, Kunihiko},
  volume        = 36,
  number        = 4,
  pages         = {193--202},
  url           = {https://doi.org/10.1007/BF00344251},
  date          = {1980-04-01},
  journaltitle  = {Biological Cybernetics},
  shortjournal  = {Biol. Cybernetics},
}
@online{godfrey2023symmetries,
  title         = {{On the Symmetries of Deep Learning Models and Their Internal Representations}},
  author        = {Godfrey, Charles and Brown, Davis and Emerson, Tegan and Kvinge, Henry},
  url           = {http://arxiv.org/abs/2205.14258},
  date          = {2023-03-24},
  eprint        = {2205.14258},
  eprinttype    = {arxiv},
  eprintclass   = {cs},
  pubstate      = {preprint},
}
@article{decharms1998optimizing,
  title         = {{Optimizing Sound Features for Cortical Neurons}},
  author        = {{deCharms}, R. Christopher and Blake, David T. and Merzenich, Michael M.},
  volume        = 280,
  number        = 5368,
  pages         = {1439--1444},
  url           = {https://www.science.org/doi/abs/10.1126/science.280.5368.1439},
  date          = 1998,
  journaltitle  = {Science},
  eprint        = {https://www.science.org/doi/pdf/10.1126/science.280.5368.1439},
}
@article{ringach2002orientation,
  title         = {{Orientation Selectivity in Macaque v1: Diversity and Laminar Dependence}},
  shorttitle    = {Orientation Selectivity in Macaque V1},
  author        = {Ringach, Dario L. and Shapley, Robert M. and Hawken, Michael J.},
  volume        = 22,
  number        = 13,
  pages         = {5639--5651},
  url           = {https://www.jneurosci.org/lookup/doi/10.1523/JNEUROSCI.22-13-05639.2002},
  date          = {2002-07-01},
  journaltitle  = {The Journal of Neuroscience},
  shortjournal  = {J. Neurosci.},
}
@inproceedings{veiga2022phase,
  title         = {{Phase Diagram of Stochastic Gradient Descent in High-Dimensional Two-Layer Neural Networks}},
  author        = {Veiga, Rodrigo and Stephan, Ludovic and Loureiro, Bruno and Krzakala, Florent and Zdeborov\'a, Lenka},
  booktitle     = {Advances in {{Neural Information Processing Systems}}},
  volume        = 35,
  pages         = {23244--23255},
  url           = {https://papers.nips.cc/paper\%5Ffiles/paper/2022/hash/939bb847ebfd14c6e4d3b5705e562054-Abstract-Conference.html},
  date          = {2022-12-06},
  eventtitle    = {Neural {{Information Processing Systems}}},
}
@article{benna2021place,
  title         = {{Place Cells May Simply Be Memory Cells: Memory Compression Leads to Spatial Tuning and History Dependence}},
  author        = {Benna, Marcus K. and Fusi, Stefano},
  volume        = 118,
  number        = 51,
  pages         = {e2018422118},
  url           = {https://www.pnas.org/doi/abs/10.1073/pnas.2018422118},
  date          = 2021,
  journaltitle  = {Proceedings of the National Academy of Sciences},
  eprint        = {https://www.pnas.org/doi/pdf/10.1073/pnas.2018422118},
}
@article{hubel1968receptive,
  title         = {{Receptive Fields and Functional Architecture of Monkey Striate Cortex}},
  author        = {Hubel, D. H. and Wiesel, T. N.},
  volume        = 195,
  number        = 1,
  pages         = {215--243},
  date          = {1968-03},
  journaltitle  = {The Journal of Physiology},
  shortjournal  = {J Physiol},
  eprint        = 4966457,
  eprinttype    = {pmid},
  pmcid         = {Pmc1557912},
}
@article{hubel1959receptive,
  title         = {{Receptive Fields of Single Neurones in the Cat's Striate Cortex}},
  author        = {Hubel, D. H. and Wiesel, T. N.},
  volume        = 148,
  number        = 3,
  pages         = {574--591},
  date          = {1959-10},
  journaltitle  = {The Journal of Physiology},
  shortjournal  = {J Physiol},
  eprint        = 14403679,
  eprinttype    = {pmid},
  pmcid         = {Pmc1363130},
}
@article{lennie2003receptive,
  title         = {{Receptive Fields}},
  author        = {Lennie, Peter},
  publisher     = {Elsevier},
  volume        = 13,
  number        = 6,
  pages         = {R216-r219},
  date          = {2003-03-18},
  journaltitle  = {Current Biology},
  shortjournal  = {Current Biology},
  eprint        = 12646144,
  eprinttype    = {pmid},
}
@online{kolesnikov2019revisiting,
  title         = {{Revisiting Self-Supervised Visual Representation Learning}},
  author        = {Kolesnikov, Alexander and Zhai, Xiaohua and Beyer, Lucas},
  url           = {http://arxiv.org/abs/1901.09005},
  date          = {2019-01-25},
  eprint        = {1901.09005},
  eprinttype    = {arxiv},
  eprintclass   = {cs},
  pubstate      = {preprint},
}
@article{singer2018sensory,
  title         = {{Sensory Cortex Is Optimized for Prediction of Future Input}},
  author        = {Singer, Yosef and Teramoto, Yayoi and Willmore, Ben DB and Schnupp, Jan WH and King, Andrew J and Harper, Nicol S},
  publisher     = {eLife Sciences Publications, Ltd},
  volume        = 7,
  pages         = {e31557},
  url           = {https://doi.org/10.7554/eLife.31557},
  editor        = {Gallant, Jack L and Kastner, Sabine},
  date          = {2018-06-18},
  journaltitle  = {eLife},
}
@article{willmore2011sparse,
  title         = {{Sparse Coding in Striate and Extrastriate Visual Cortex}},
  author        = {Willmore, Ben D. B. and Mazer, James A. and Gallant, Jack L.},
  volume        = 105,
  number        = 6,
  pages         = {2907--2919},
  url           = {https://www.ncbi.nlm.nih.gov/pmc/articles/PMC3118756/},
  date          = {2011-06},
  journaltitle  = {Journal of Neurophysiology},
  shortjournal  = {J Neurophysiol},
  eprint        = 21471391,
  eprinttype    = {pmid},
  pmcid         = {Pmc3118756},
}
@article{olshausen2004sparse,
  title         = {{Sparse Coding of Sensory Inputs}},
  author        = {Olshausen, Bruno A. and Field, David J.},
  volume        = 14,
  number        = 4,
  pages         = {481--487},
  date          = {2004-08},
  journaltitle  = {Current Opinion in Neurobiology},
  shortjournal  = {Curr Opin Neurobiol},
  eprint        = 15321069,
  eprinttype    = {pmid},
}
@article{olshausen1997sparse,
  title         = {{Sparse Coding with an Overcomplete Basis Set: A Strategy Employed by V1?}},
  shorttitle    = {Sparse Coding with an Overcomplete Basis Set},
  author        = {Olshausen, Bruno A. and Field, David J.},
  volume        = 37,
  number        = 23,
  pages         = {3311--3325},
  url           = {https://linkinghub.elsevier.com/retrieve/pii/S0042698997001697},
  date          = {1997-12},
  journaltitle  = {Vision Research},
  shortjournal  = {Vision Research},
}
@article{hromadka2008sparse,
  title         = {{Sparse Representation of Sounds in the Unanesthetized Auditory Cortex}},
  author        = {Hrom\'adka, Tom\'a\v s and DeWeese, Michael R. and Zador, Anthony M.},
  publisher     = {Public Library of Science},
  volume        = 6,
  number        = 1,
  pages         = {e16},
  url           = {https://journals.plos.org/plosbiology/article?id=10.1371/journal.pbio.0060016},
  date          = {2008-01-29},
  journaltitle  = {PLOS Biology},
  shortjournal  = {PLOS Biology},
}
@article{babadi2014sparseness,
  title         = {{Sparseness and Expansion in Sensory Representations}},
  author        = {Babadi, Baktash and Sompolinsky, Haim},
  publisher     = {Elsevier},
  volume        = 83,
  number        = 5,
  pages         = {1213--1226},
  url           = {https://www.cell.com/neuron/abstract/S0896-6273(14)00646-1},
  date          = {2014-09-03},
  journaltitle  = {Neuron},
  shortjournal  = {Neuron},
  eprint        = 25155954,
  eprinttype    = {pmid},
}
@article{rolls1995sparseness,
  title         = {{Sparseness of the Neuronal Representation of Stimuli in the Primate Temporal Visual Cortex}},
  author        = {Rolls, E. T. and Tovee, M. J.},
  volume        = 73,
  number        = 2,
  pages         = {713--726},
  url           = {https://www.physiology.org/doi/10.1152/jn.1995.73.2.713},
  date          = {1995-02-01},
  journaltitle  = {Journal of Neurophysiology},
  shortjournal  = {Journal of Neurophysiology},
}
@article{ringach2002spatial,
  title         = {{Spatial Structure and Symmetry of Simple-Cell Receptive Fields in Macaque Primary Visual Cortex}},
  author        = {Ringach, Dario L.},
  publisher     = {American Physiological Society},
  volume        = 88,
  number        = 1,
  pages         = {455--463},
  url           = {https://journals.physiology.org/doi/full/10.1152/jn.2002.88.1.455},
  date          = {2002-07},
  journaltitle  = {Journal of Neurophysiology},
}
@article{geman1984stochastic,
  title         = {{Stochastic Relaxation, Gibbs Distributions, and the Bayesian Restoration of Images}},
  author        = {Geman, Stuart and Geman, Donald},
  volume        = {Pami-6},
  number        = 6,
  pages         = {721--741},
  url           = {https://ieeexplore.ieee.org/document/4767596},
  date          = {1984-11},
  journaltitle  = {IEEE Transactions on Pattern Analysis and Machine Intelligence},
  eventtitle    = {{{IEEE Transactions}} on {{Pattern Analysis}} and {{Machine Intelligence}}},
}
@article{crochet2011synaptic,
  title         = {{Synaptic Mechanisms Underlying Sparse Coding of Active Touch}},
  author        = {Crochet, Sylvain and Poulet, James~F.A. and Kremer, Yves and Petersen, Carl~C.H.},
  volume        = 69,
  number        = 6,
  pages         = {1160--1175},
  url           = {https://linkinghub.elsevier.com/retrieve/pii/S0896627311001206},
  date          = {2011-03},
  journaltitle  = {Neuron},
  shortjournal  = {Neuron},
}
@article{bell1997independent,
  title         = {{The "Independent Components" of Natural Scenes Are Edge Filters}},
  author        = {Bell, Anthony J. and Sejnowski, Terrence J.},
  volume        = 37,
  number        = 23,
  pages         = {3327--3338},
  url           = {https://www.sciencedirect.com/science/article/pii/S0042698997001211},
  date          = {1997-12-01},
  journaltitle  = {Vision Research},
  shortjournal  = {Vision Research},
}
@article{field1986structure,
  title         = {{The Structure and Symmetry of Simple-Cell Receptive-Field Profiles in the Cat's Visual Cortex}},
  author        = {Field, D. J. and Tolhurst, D. J.},
  volume        = 228,
  number        = 1253,
  pages         = {379--400},
  date          = {1986-09-22},
  journaltitle  = {Proceedings of the Royal Society of London. Series B, Biological Sciences},
  shortjournal  = {Proc R Soc Lond B Biol Sci},
  eprint        = 2877464,
  eprinttype    = {pmid},
}
@article{gabor1947theory,
  title         = {{Theory of Communication}},
  author        = {Gabor, D.},
  publisher     = {IET Digital Library},
  volume        = 94,
  number        = 73,
  pages         = {58--58},
  url           = {https://digital-library.theiet.org/content/journals/10.1049/ji-1.1947.0015;jsessionid=1rqeuko3mhp4b.x-iet-live-01},
  date          = {1947-01-01},
  journaltitle  = {Journal of the Institution of Electrical Engineers - Part I: General},
}
@article{daugman1985uncertainty,
  title         = {{Uncertainty Relation for Resolution in Space, Spatial Frequency, and Orientation Optimized by Two-Dimensional Visual Cortical Filters}},
  author        = {Daugman, J. G.},
  volume        = 2,
  number        = 7,
  pages         = {1160--1169},
  date          = {1985-07},
  journaltitle  = {Journal of the Optical Society of America. A, Optics and Image Science},
  shortjournal  = {J Opt Soc Am A},
  eprint        = 4020513,
  eprinttype    = {pmid},
}
@article{yosinski2015understanding,
  title         = {{Understanding Neural Networks through Deep Visualization}},
  author        = {Yosinski, Jason and Clune, Jeff and Nguyen, Anh and Fuchs, Thomas and Lipson, Hod},
  url           = {http://arxiv.org/abs/1506.06579},
  date          = {2015-06-22},
  eprint        = {1506.06579},
  eprinttype    = {arxiv},
  eprintclass   = {cs},
  pubstate      = {preprint},
}
@article{gijsbers2013understanding,
  title         = {{Understanding, Explanation, and Unification}},
  author        = {Gijsbers, Victor},
  volume        = 44,
  number        = 3,
  pages         = {516--522},
  url           = {https://www.sciencedirect.com/science/article/pii/S0039368112001136},
  date          = {2013-09-01},
  journaltitle  = {Studies in History and Philosophy of Science Part A},
  shortjournal  = {Studies in History and Philosophy of Science Part A},
}
@inproceedings{saxe2011unsupervised,
  title         = {{Unsupervised Learning Models of Primary Cortical Receptive Fields and Receptive Field Plasticity}},
  author        = {Saxe, Andrew and Bhand, Maneesh and Mudur, Ritvik and Suresh, Bipin and Ng, Andrew},
  booktitle     = {Advances in {{Neural Information Processing Systems}}},
  publisher     = {Curran Associates, Inc.},
  volume        = 24,
  url           = {https://proceedings.neurips.cc/paper/2011/hash/e19347e1c3ca0c0b97de5fb3b690855a-Abstract.html},
  date          = 2011,
}
@article{zeiler2013visualizing,
  title         = {{Visualizing and Understanding Convolutional Networks}},
  author        = {Zeiler, Matthew D. and Fergus, Rob},
  url           = {http://arxiv.org/abs/1311.2901},
  date          = {2013-11-28},
  eprint        = {1311.2901},
  eprinttype    = {arxiv},
  eprintclass   = {cs},
  pubstate      = {preprint},
}
@article{field1999wavelets,
  title         = {{Wavelets, Vision and the Statistics of Natural Scenes}},
  author        = {Field, D. J.},
  volume        = 357,
  number        = 1760,
  pages         = {2527--2542},
  url           = {https://royalsocietypublishing.org/doi/10.1098/rsta.1999.0446},
  editor        = {Silverman, B. W. and Vassilicos, J. C.},
  date          = {1999-09},
  journaltitle  = {Philosophical Transactions of the Royal Society of London. Series A: Mathematical, Physical and Engineering Sciences},
  shortjournal  = {Philosophical Transactions of the Royal Society of London. Series A: Mathematical, Physical and Engineering Sciences},
}
@article{rosenblatt1956central,
  title         = {{A central limit theorem and a strong mixing condition}},
  author        = {Rosenblatt, Murray},
  year          = 1956,
  journal       = {Proceedings of the national Academy of Sciences},
  publisher     = {National Acad Sciences},
  volume        = 42,
  number        = 1,
  pages         = {43--47},
}
@article{knudsen1978space,
  title         = {{Space and frequency are represented separately in auditory midbrain of the owl}},
  author        = {Knudsen, Eric I and Konishi, Masakazu},
  year          = 1978,
  journal       = {Journal of Neurophysiology},
  publisher     = {American Physiological Society Bethesda, MD},
  volume        = 41,
  number        = 4,
  pages         = {870--884},
}
@article{barron1993universal,
  title         = {{Universal approximation bounds for superpositions of a sigmoidal function}},
  author        = {Barron, Andrew R},
  year          = 1993,
  journal       = {IEEE Transactions on Information theory},
  publisher     = {Ieee},
  volume        = 39,
  number        = 3,
  pages         = {930--945},
}
@article{saad1995line,
  title         = {{On-line learning in soft committee machines}},
  author        = {Saad, David and Solla, Sara A},
  year          = 1995,
  journal       = {Physical Review E},
  publisher     = {Aps},
  volume        = 52,
  number        = 4,
  pages         = 4225,
}
@article{pinkus1999approximation,
  title         = {{Approximation theory of the MLP model in neural networks}},
  author        = {Pinkus, Allan},
  year          = 1999,
  journal       = {Acta numerica},
  publisher     = {Cambridge University Press},
  volume        = 8,
  pages         = {143--195},
}
@phdthesis{frahm2004generalized,
  title         = {{Generalized elliptical distributions: theory and applications}},
  author        = {Frahm, Gabriel},
  year          = 2004,
  school        = {Universit{\"a}t zu K{\"o}ln},
}
@article{bradley2007introduction,
  title         = {{Introduction to strong mixing conditions}},
  author        = {Bradley, Richard C},
  year          = 2007,
  journal       = {(No Title)},
}
@article{bardet2008dependent,
  title         = {{Dependent Lindeberg central limit theorem and some applications}},
  author        = {Bardet, Jean-Marc and Doukhan, Paul and Lang, Gabriel and Ragache, Nicolas},
  year          = 2008,
  journal       = {ESAIM: Probability and Statistics},
  volume        = 12,
  pages         = {154--172},
}
@article{scikit-learn,
  title         = {{Scikit-learn: Machine Learning in Python}},
  author        = {Pedregosa, F. and Varoquaux, G. and Gramfort, A. and Michel, V. and Thirion, B. and Grisel, O. and Blondel, M. and Prettenhofer, P. and Weiss, R. and Dubourg, V. and Vanderplas, J. and Passos, A. and Cournapeau, D. and Brucher, M. and Perrot, M. and Duchesnay, E.},
  year          = 2011,
  journal       = {Journal of Machine Learning Research},
  volume        = 12,
  pages         = {2825--2830},
}
@article{mei2018mean,
  title         = {{A mean field view of the landscape of two-layer neural networks}},
  author        = {Mei, Song and Montanari, Andrea and Nguyen, Phan-Minh},
  year          = 2018,
  journal       = {Proceedings of the National Academy of Sciences},
  publisher     = {National Acad Sciences},
  volume        = 115,
  number        = 33,
  pages         = {E7665--e7671},
}
@article{goldt2019dynamics,
  title         = {{Dynamics of stochastic gradient descent for two-layer neural networks in the teacher-student setup}},
  author        = {Goldt, Sebastian and Advani, Madhu and Saxe, Andrew M and Krzakala, Florent and Zdeborov{\'a}, Lenka},
  year          = 2019,
  journal       = {Advances in neural information processing systems},
  volume        = 32,
}
@inproceedings{gerace2020generalisation,
  title         = {{Generalisation error in learning with random features and the hidden manifold model}},
  author        = {Federica Gerace and Bruno Loureiro and Florent Krzakala and Marc M{\'{e}}zard and Lenka Zdeborov{\'{a}}},
  year          = 2020,
  booktitle     = {Proceedings of the 37th International Conference on Machine Learning, {ICML} 2020, 13-18 July 2020, Virtual Event},
  publisher     = {Pmlr},
  series        = {Proceedings of Machine Learning Research},
  volume        = 119,
  pages         = {3452--3462},
  url           = {http://proceedings.mlr.press/v119/gerace20a.html},
  bibsource     = {dblp computer science bibliography, https://dblp.org},
}
@article{ingrosso2022data,
  title         = {{Data-driven emergence of convolutional structure in neural networks}},
  author        = {Ingrosso, Alessandro and Goldt, Sebastian},
  year          = 2022,
  journal       = {Proceedings of the National Academy of Sciences},
  publisher     = {National Acad Sciences},
  volume        = 119,
  number        = 40,
  pages         = {e2201854119},
}
@inproceedings{goldt2022gaussian,
  title         = {{The gaussian equivalence of generative models for learning with shallow neural networks}},
  author        = {Goldt, Sebastian and Loureiro, Bruno and Reeves, Galen and Krzakala, Florent and M{\'e}zard, Marc and Zdeborov{\'a}, Lenka},
  year          = 2022,
  booktitle     = {Mathematical and Scientific Machine Learning},
  pages         = {426--471},
  organization  = {Pmlr},
}
@inproceedings{elkabetz2024continuous,
  title         = {{Continuous vs. discrete optimization of deep neural networks}},
  author        = {Elkabetz, Omer and Cohen, Nadav},
  year          = 2024,
  booktitle     = {Proceedings of the 35th International Conference on Neural Information Processing Systems},
  publisher     = {Curran Associates Inc.},
  articleno     = 378,
  numpages      = 14,
}
