# Datasets
@article{wang2022execution,
  title={Execution-based evaluation for open-domain code generation},
  author={Wang, Zhiruo and Zhou, Shuyan and Fried, Daniel and Neubig, Graham},
  journal={arXiv preprint arXiv:2212.10481},
  year={2022}
}
@inproceedings{sun19ttt,
  Author = {Sun, Yu and Wang, Xiaolong and Zhuang, Liu and
  	Miller, John and Hardt, Moritz and Efros, Alexei A.},
  Title = {Test-Time Training with Self-Supervision for Generalization under Distribution Shifts},
  Booktitle = {ICML},
  Year = {2020}
}
@misc{akyurek2024surprisingeffectivenesstesttimetraining,
      title={The Surprising Effectiveness of Test-Time Training for Abstract Reasoning}, 
      author={Ekin Akyürek and Mehul Damani and Linlu Qiu and Han Guo and Yoon Kim and Jacob Andreas},
      year={2024},
      eprint={2411.07279},
      archivePrefix={arXiv},
      primaryClass={cs.AI},
      url={https://arxiv.org/abs/2411.07279}, 
}
@inproceedings{poesia2022synchromesh,
title={Synchromesh: Reliable Code Generation from Pre-trained Language Models},
author={Gabriel Poesia and Alex Polozov and Vu Le and Ashish Tiwari and Gustavo Soares and Christopher Meek and Sumit Gulwani},
booktitle={International Conference on Learning Representations},
year={2022},
url={https://openreview.net/forum?id=KmtVD97J43e}
}
@article{10.1145/3571234,
author = {Bowers, Matthew and Olausson, Theo X. and Wong, Lionel and Grand, Gabriel and Tenenbaum, Joshua B. and Ellis, Kevin and Solar-Lezama, Armando},
title = {Top-Down Synthesis for Library Learning},
year = {2023},
issue_date = {January 2023},
publisher = {Association for Computing Machinery},
address = {New York, NY, USA},
volume = {7},
number = {POPL},
url = {https://doi.org/10.1145/3571234},
doi = {10.1145/3571234},
abstract = {This paper introduces corpus-guided top-down synthesis as a mechanism for synthesizing library functions that capture common functionality from a corpus of programs in a domain specific language (DSL). The algorithm builds abstractions directly from initial DSL primitives, using syntactic pattern matching of intermediate abstractions to intelligently prune the search space and guide the algorithm towards abstractions that maximally capture shared structures in the corpus. We present an implementation of the approach in a tool called Stitch and evaluate it against the state-of-the-art deductive library learning algorithm from DreamCoder. Our evaluation shows that Stitch is 3-4 orders of magnitude faster and uses 2 orders of magnitude less memory while maintaining comparable or better library quality (as measured by compressivity). We also demonstrate Stitch’s scalability on corpora containing hundreds of complex programs that are intractable with prior deductive approaches and show empirically that it is robust to terminating the search procedure early—further allowing it to scale to challenging datasets by means of early stopping.},
journal = {Proc. ACM Program. Lang.},
month = jan,
articleno = {41},
numpages = {32},
keywords = {Program Synthesis, Library Learning, Abstraction Learning}
}
@inproceedings{10.5555/3692070.3693967,
author = {Stengel-Eskin, Elias and Prasad, Archiki and Bansal, Mohit},
title = {REGAL: refactoring programs to discover generalizable abstractions},
year = {2024},
publisher = {JMLR.org},
abstract = {While large language models (LLMs) are increasingly being used for program synthesis, they lack the global view needed to develop useful abstractions; they generally predict programs one at a time, often repeating the same functionality. Generating redundant code from scratch is both inefficient and error-prone. To address this, we propose Refactoring for Generalizable Abstraction Learning (REGAL), a gradient-free method for learning a library of reusable functions via code refactorization, i.e., restructuring code without changing its execution output. REGAL learns from a small set of existing programs, iteratively verifying and refining its abstractions via execution. We find that the shared function libraries discovered by REGAL make programs easier to predict across diverse domains. On five datasets - LOGO graphics generation, Date reasoning, TextCraft (a Minecraft-based text-game) MATH, and TabMWP - both open-source and proprietary LLMs improve in accuracy when predicting programs with REGAL functions. For CodeLlama-13B, REGAL results in absolute accuracy increases of 11.5\% on LOGO, 26.1\% on date understanding, and 8.1\% on TextCraft, outperforming GPT-3.5 in two of three domains. Our analysis reveals REGAL's abstractions encapsulate frequently-used subroutines as well as environment dynamics.},
booktitle = {Proceedings of the 41st International Conference on Machine Learning},
articleno = {1897},
numpages = {20},
location = {Vienna, Austria},
series = {ICML'24}
}
@article{liu2023your,
  title   = {Is your code generated by chatgpt really correct? rigorous evaluation of large language models for code generation},
  author  = {Liu, Jiawei and Xia, Chunqiu Steven and Wang, Yuyao and Zhang, Lingming},
  journal = {arXiv preprint arXiv:2305.01210},
  year    = {2023}
}

@article{chen2021evaluating,
  title={Evaluating large language models trained on code},
  author={Chen, Mark and Tworek, Jerry and Jun, Heewoo and Yuan, Qiming and Pinto, Henrique Ponde de Oliveira and Kaplan, Jared and Edwards, Harri and Burda, Yuri and Joseph, Nicholas and Brockman, Greg and others},
  journal={arXiv preprint arXiv:2107.03374},
  year={2021}
}

@article{austin2021program,
  title={Program synthesis with large language models},
  author={Austin, Jacob and Odena, Augustus and Nye, Maxwell and Bosma, Maarten and Michalewski, Henryk and Dohan, David and Jiang, Ellen and Cai, Carrie and Terry, Michael and Le, Quoc and others},
  journal={arXiv preprint arXiv:2108.07732},
  year={2021}
}

# Execution
@article{gu2024cruxeval,
  title   = {{CRUXEval: A Benchmark for Code Reasoning, Understanding and Execution}},
  author  = {Gu, Alex and Rozi{\`e}re, Baptiste and Leather, Hugh and Solar-Lezama, Armando and Synnaeve, Gabriel and Wang, Sida I},
  journal = {arXiv preprint arXiv:2401.03065},
  year    = {2024}
}

# Repair
@inproceedings{olausson2024repair,
	title        = {{Is Self-Repair a Silver Bullet for Code Generation?}},
	author       = {Theo X. Olausson and Jeevana Priya Inala and Chenglong Wang and Jianfeng Gao and Armando Solar-Lezama},
	year         = 2024,
	booktitle    = {International Conference on Learning Representations (ICLR)}
}

# LLM for Code

@article{guo2024deepseek,
  title={DeepSeek-Coder: When the Large Language Model Meets Programming--The Rise of Code Intelligence},
  author={Guo, Daya and Zhu, Qihao and Yang, Dejian and Xie, Zhenda and Dong, Kai and Zhang, Wentao and Chen, Guanting and Bi, Xiao and Wu, Y and Li, YK and others},
  journal={arXiv preprint arXiv:2401.14196},
  year={2024}
}

@article{roziere2023code,
  title={Code llama: Open foundation models for code},
  author={Roziere, Baptiste and Gehring, Jonas and Gloeckle, Fabian and Sootla, Sten and Gat, Itai and Tan, Xiaoqing Ellen and Adi, Yossi and Liu, Jingyu and Remez, Tal and Rapin, J{\'e}r{\'e}my and others},
  journal={arXiv preprint arXiv:2308.12950},
  year={2023}
}

@article{openai2023gpt,
  title={GPT-4 technical report. arXiv 2303.08774},
  author={OpenAI, R},
  journal={View in Article},
  year={2023}
}

# Tasks beyond generation

@article{singhal2024nofuneval,
  title={NoFunEval: Funny How Code LMs Falter on Requirements Beyond Functional Correctness},
  author={Singhal, Manav and Aggarwal, Tushar and Awasthi, Abhijeet and Natarajan, Nagarajan and Kanade, Aditya},
  journal={arXiv preprint arXiv:2401.15963},
  year={2024}
}

@article{west2023generative,
  title={The Generative AI Paradox:" What It Can Create, It May Not Understand"},
  author={West, Peter and Lu, Ximing and Dziri, Nouha and Brahman, Faeze and Li, Linjie and Hwang, Jena D and Jiang, Liwei and Fisher, Jillian and Ravichander, Abhilasha and Chandu, Khyathi and others},
  journal={arXiv preprint arXiv:2311.00059},
  year={2023}
}

@article{elazar2021measuring,
  title={Measuring and improving consistency in pretrained language models},
  author={Elazar, Yanai and Kassner, Nora and Ravfogel, Shauli and Ravichander, Abhilasha and Hovy, Eduard and Sch{\"u}tze, Hinrich and Goldberg, Yoav},
  journal={Transactions of the Association for Computational Linguistics},
  volume={9},
  pages={1012--1031},
  year={2021},
  publisher={MIT Press One Rogers Street, Cambridge, MA 02142-1209, USA journals-info~…}
}

% Repair
@inproceedings{chen2024teaching,
  title={Teaching large language models to self-debug},
  author={Chen, Xinyun and Lin, Maxwell and Sch{\"a}rli, Nathanael and Zhou, Denny},
  year         = 2024,
  booktitle    = {International Conference on Learning Representations (ICLR)}
}

@article{madaan2023self,
  title={Self-refine: Iterative refinement with self-feedback},
  author={Madaan, Aman and Tandon, Niket and Gupta, Prakhar and Hallinan, Skyler and Gao, Luyu and Wiegreffe, Sarah and Alon, Uri and Dziri, Nouha and Prabhumoye, Shrimai and Yang, Yiming and others},
  journal={arXiv preprint arXiv:2303.17651},
  year={2023}
}

@inproceedings{zhang2023self,
    title = "Self-Edit: Fault-Aware Code Editor for Code Generation",
    author = "Zhang, Kechi  and
      Li, Zhuo  and
      Li, Jia  and
      Li, Ge  and
      Jin, Zhi",
    booktitle = "Proceedings of the 61st Annual Meeting of the Association for Computational Linguistics (Volume 1: Long Papers)",
    month = jul,
    year = "2023",
    address = "Toronto, Canada",
    publisher = "Association for Computational Linguistics",
    pages = "769--787"
}

@article{liu2020atom,
  title={ATOM: Commit message generation based on abstract syntax tree and hybrid ranking},
  author={Liu, Shangqing and Gao, Cuiyun and Chen, Sen and Nie, Lun Yiu and Liu, Yang},
  journal={IEEE Transactions on Software Engineering},
  volume={48},
  number={5},
  pages={1800--1817},
  year={2020},
  publisher={IEEE}
}

@article{hasan2021codesc,
  title={Codesc: A large code-description parallel dataset},
  author={Hasan, Masum and Muttaqueen, Tanveer and Ishtiaq, Abdullah Al and Mehrab, Kazi Sajeed and Haque, Md Mahim Anjum and Hasan, Tahmid and Ahmad, Wasi Uddin and Iqbal, Anindya and Shahriyar, Rifat},
  journal={arXiv preprint arXiv:2105.14220},
  year={2021}
}

@article{barone2017parallel,
  title={A parallel corpus of python functions and documentation strings for automated code documentation and code generation},
  author={Barone, Antonio Valerio Miceli and Sennrich, Rico},
  journal={arXiv preprint arXiv:1707.02275},
  year={2017}
}

@inproceedings{iyer2016summarizing,
  title={Summarizing source code using a neural attention model},
  author={Iyer, Srinivasan and Konstas, Ioannis and Cheung, Alvin and Zettlemoyer, Luke},
  booktitle={54th Annual Meeting of the Association for Computational Linguistics 2016},
  pages={2073--2083},
  year={2016},
  organization={Association for Computational Linguistics}
}

@inproceedings{leclair2019neural,
  title={A neural model for generating natural language summaries of program subroutines},
  author={LeClair, Alexander and Jiang, Siyuan and McMillan, Collin},
  booktitle={2019 IEEE/ACM 41st International Conference on Software Engineering (ICSE)},
  pages={795--806},
  year={2019},
  organization={IEEE}
}

@article{lu2021codexglue,
  title={Codexglue: A machine learning benchmark dataset for code understanding and generation},
  author={Lu, Shuai and Guo, Daya and Ren, Shuo and Huang, Junjie and Svyatkovskiy, Alexey and Blanco, Ambrosio and Clement, Colin and Drain, Dawn and Jiang, Daxin and Tang, Duyu and others},
  journal={arXiv preprint arXiv:2102.04664},
  year={2021}
}

@book{sieber2013foundations,
  title={The foundations of program verification},
  author={Sieber, Kurt},
  year={2013},
  publisher={Springer-Verlag}
}

@article{habib2019neural,
  title={Neural bug finding: A study of opportunities and challenges},
  author={Habib, Andrew and Pradel, Michael},
  journal={arXiv preprint arXiv:1906.00307},
  year={2019}
}

@article{tyen2023llms,
  title={LLMs cannot find reasoning errors, but can correct them!},
  author={Tyen, Gladys and Mansoor, Hassan and Chen, Peter and Mak, Tony and C{\u{a}}rbune, Victor},
  journal={arXiv preprint arXiv:2311.08516},
  year={2023}
}

@article{nye2021show,
  title={Show your work: Scratchpads for intermediate computation with language models},
  author={Nye, Maxwell and Andreassen, Anders Johan and Gur-Ari, Guy and Michalewski, Henryk and Austin, Jacob and Bieber, David and Dohan, David and Lewkowycz, Aitor and Bosma, Maarten and Luan, David and others},
  journal={arXiv preprint arXiv:2112.00114},
  year={2021}
}

@article{inala2022fault,
  title={Fault-aware neural code rankers},
  author={Inala, Jeevana Priya and Wang, Chenglong and Yang, Mei and Codas, Andres and Encarnaci{\'o}n, Mark and Lahiri, Shuvendu and Musuvathi, Madanlal and Gao, Jianfeng},
  journal={Advances in Neural Information Processing Systems},
  volume={35},
  pages={13419--13432},
  year={2022}
}

@inproceedings{ni2023lever,
  title={Lever: Learning to verify language-to-code generation with execution},
  author={Ni, Ansong and Iyer, Srini and Radev, Dragomir and Stoyanov, Veselin and Yih, Wen-tau and Wang, Sida and Lin, Xi Victoria},
  booktitle={International Conference on Machine Learning},
  pages={26106--26128},
  year={2023},
  organization={PMLR}
}

@article{huang2023large,
  title={Large language models cannot self-correct reasoning yet},
  author={Huang, Jie and Chen, Xinyun and Mishra, Swaroop and Zheng, Huaixiu Steven and Yu, Adams Wei and Song, Xinying and Zhou, Denny},
  journal={arXiv preprint arXiv:2310.01798},
  year={2023}
}

@article{jin2023evidence,
  title={Evidence of Meaning in Language Models Trained on Programs},
  author={Jin, Charles and Rinard, Martin},
  journal={arXiv preprint arXiv:2305.11169},
  year={2023}
}

@article{lightman2023let,
  title={Let's Verify Step by Step},
  author={Lightman, Hunter and Kosaraju, Vineet and Burda, Yura and Edwards, Harri and Baker, Bowen and Lee, Teddy and Leike, Jan and Schulman, John and Sutskever, Ilya and Cobbe, Karl},
  journal={arXiv preprint arXiv:2305.20050},
  year={2023}
}

@article{wang2023math,
  title={Math-shepherd: Verify and reinforce llms step-by-step without human annotations},
  author={Wang, Peiyi and Li, Lei and Shao, Zhihong and Xu, RX and Dai, Damai and Li, Yifei and Chen, Deli and Wu, Y and Sui, Zhifang},
  journal={CoRR, abs/2312.08935},
  year={2023}
}

@article{shao2024deepseekmath,
  title={DeepSeekMath: Pushing the Limits of Mathematical Reasoning in Open Language Models},
  author={Shao, Zhihong and Wang, Peiyi and Zhu, Qihao and Xu, Runxin and Song, Junxiao and Zhang, Mingchuan and Li, YK and Wu, Y and Guo, Daya},
  journal={arXiv preprint arXiv:2402.03300},
  year={2024}
}

@article{stechly2023gpt,
  title={GPT-4 Doesn't Know It's Wrong: An Analysis of Iterative Prompting for Reasoning Problems},
  author={Stechly, Kaya and Marquez, Matthew and Kambhampati, Subbarao},
  journal={arXiv preprint arXiv:2310.12397},
  year={2023}
}

@article{weng2022large,
  title={Large language models are reasoners with self-verification},
  author={Weng, Yixuan and Zhu, Minjun and He, Shizhu and Liu, Kang and Zhao, Jun},
  journal={arXiv preprint arXiv:2212.09561},
  year={2022}
}

@article{zhou2023solving,
  title={Solving challenging math word problems using gpt-4 code interpreter with code-based self-verification},
  author={Zhou, Aojun and Wang, Ke and Lu, Zimu and Shi, Weikang and Luo, Sichun and Qin, Zipeng and Lu, Shaoqing and Jia, Anya and Song, Linqi and Zhan, Mingjie and others},
  journal={arXiv preprint arXiv:2308.07921},
  year={2023}
}

@article{huang2023enhancing,
  title={Enhancing Large Language Models in Coding Through Multi-Perspective Self-Consistency},
  author={Huang, Baizhou and Lu, Shuai and Chen, Weizhu and Wan, Xiaojun and Duan, Nan},
  journal={arXiv preprint arXiv:2309.17272},
  year={2023}
}

@article{chen2023universal,
  title={Universal self-consistency for large language model generation},
  author={Chen, Xinyun and Aksitov, Renat and Alon, Uri and Ren, Jie and Xiao, Kefan and Yin, Pengcheng and Prakash, Sushant and Sutton, Charles and Wang, Xuezhi and Zhou, Denny},
  journal={arXiv preprint arXiv:2311.17311},
  year={2023}
}

@article{cobbe2021training,
  title={Training verifiers to solve math word problems},
  author={Cobbe, Karl and Kosaraju, Vineet and Bavarian, Mohammad and Chen, Mark and Jun, Heewoo and Kaiser, Lukasz and Plappert, Matthias and Tworek, Jerry and Hilton, Jacob and Nakano, Reiichiro and others},
  journal={arXiv preprint arXiv:2110.14168},
  year={2021}
}

@article{zheng2023judging,
  title={Judging LLM-as-a-judge with MT-Bench and Chatbot Arena},
  author={Zheng, Lianmin and Chiang, Wei-Lin and Sheng, Ying and Zhuang, Siyuan and Wu, Zhanghao and Zhuang, Yonghao and Lin, Zi and Li, Zhuohan and Li, Dacheng and Xing, Eric and others},
  journal={arXiv preprint arXiv:2306.05685},
  year={2023}
}

@article{spiess2024quality,
  title={Quality and Trust in LLM-generated Code},
  author={Spiess, Claudio and Gros, David and Pai, Kunal Suresh and Pradel, Michael and Rabin, Md Rafiqul Islam and Jha, Susmit and Devanbu, Prem and Ahmed, Toufique},
  journal={arXiv preprint arXiv:2402.02047},
  year={2024}
}

@article{wu2023reasoning,
  title={Reasoning or reciting? exploring the capabilities and limitations of language models through counterfactual tasks},
  author={Wu, Zhaofeng and Qiu, Linlu and Ross, Alexis and Aky{\"u}rek, Ekin and Chen, Boyuan and Wang, Bailin and Kim, Najoung and Andreas, Jacob and Kim, Yoon},
  journal={arXiv preprint arXiv:2307.02477},
  year={2023}
}

@article{valmeekam2023can,
  title={Can Large Language Models Really Improve by Self-critiquing Their Own Plans?},
  author={Valmeekam, Karthik and Marquez, Matthew and Kambhampati, Subbarao},
  journal={arXiv preprint arXiv:2310.08118},
  year={2023}
}

@article{schneider2023towards,
  title={Towards LLM-based Autograding for Short Textual Answers},
  author={Schneider, Johannes and Schenk, Bernd and Niklaus, Christina and Vlachos, Michaelis},
  journal={arXiv preprint arXiv:2309.11508},
  year={2023}
}

@article{matelsky2023large,
  title={A large language model-assisted education tool to provide feedback on open-ended responses},
  author={Matelsky, Jordan K and Parodi, Felipe and Liu, Tony and Lange, Richard D and Kording, Konrad P},
  journal={arXiv preprint arXiv:2308.02439},
  year={2023}
}

@article{zhang2023towards,
  title={Towards llm-based fact verification on news claims with a hierarchical step-by-step prompting method},
  author={Zhang, Xuan and Gao, Wei},
  journal={arXiv preprint arXiv:2310.00305},
  year={2023}
}

@article{miceli2023larger,
  title={The Larger They Are, the Harder They Fail: Language Models do not Recognize Identifier Swaps in Python},
  author={Miceli-Barone, Antonio Valerio and Barez, Fazl and Konstas, Ioannis and Cohen, Shay B},
  journal={arXiv preprint arXiv:2305.15507},
  year={2023}
}

@article{sun2023clover,
  title={Clover: Closed-Loop Verifiable Code Generation},
  author={Sun, Chuyue and Sheng, Ying and Padon, Oded and Barrett, Clark},
  journal={arXiv preprint arXiv:2310.17807},
  year={2023}
}

@article{dong2023codescore,
  title={Codescore: Evaluating code generation by learning code execution},
  author={Dong, Yihong and Ding, Jiazheng and Jiang, Xue and Li, Ge and Li, Zhuo and Jin, Zhi},
  journal={arXiv preprint arXiv:2301.09043},
  year={2023}
}

@article{zhuo2023large,
  title={Large Language Models Are State-of-the-Art Evaluators of Code Generation},
  author={Zhuo, Terry Yue},
  journal={arXiv preprint arXiv:2304.14317},
  year={2023}
}

@article{zhou2023codebertscore,
  title={Codebertscore: Evaluating code generation with pretrained models of code},
  author={Zhou, Shuyan and Alon, Uri and Agarwal, Sumit and Neubig, Graham},
  journal={arXiv preprint arXiv:2302.05527},
  year={2023}
}

@article{ren2020codebleu,
  title={Codebleu: a method for automatic evaluation of code synthesis},
  author={Ren, Shuo and Guo, Daya and Lu, Shuai and Zhou, Long and Liu, Shujie and Tang, Duyu and Sundaresan, Neel and Zhou, Ming and Blanco, Ambrosio and Ma, Shuai},
  journal={arXiv preprint arXiv:2009.10297},
  year={2020}
}

@inproceedings{zhang2023coder,
  title={Coder reviewer reranking for code generation},
  author={Zhang, Tianyi and Yu, Tao and Hashimoto, Tatsunori and Lewis, Mike and Yih, Wen-tau and Fried, Daniel and Wang, Sida},
  booktitle={International Conference on Machine Learning},
  pages={41832--41846},
  year={2023},
  organization={PMLR}
}

@article{chen2022codet,
  title={Codet: Code generation with generated tests},
  author={Chen, Bei and Zhang, Fengji and Nguyen, Anh and Zan, Daoguang and Lin, Zeqi and Lou, Jian-Guang and Chen, Weizhu},
  journal={arXiv preprint arXiv:2207.10397},
  year={2022}
}

@article{ridnik2024code,
  title={Code Generation with AlphaCodium: From Prompt Engineering to Flow Engineering},
  author={Ridnik, Tal and Kredo, Dedy and Friedman, Itamar},
  journal={arXiv preprint arXiv:2401.08500},
  year={2024}
}

@article{key2022speak,
  title={I speak, you verify: Toward trustworthy neural program synthesis},
  author={Key, Darren and Li, Wen-Ding and Ellis, Kevin},
  journal={arXiv preprint arXiv:2210.00848},
  year={2022}
}

@article{zhang2023algo,
  title={ALGO: Synthesizing Algorithmic Programs with Generated Oracle Verifiers},
  author={Zhang, Kexun and Wang, Danqing and Xia, Jingtao and Wang, William Yang and Li, Lei},
  journal={arXiv preprint arXiv:2305.14591},
  year={2023}
}

@article{li2022competition,
  title={Competition-level code generation with alphacode},
  author={Li, Yujia and Choi, David and Chung, Junyoung and Kushman, Nate and Schrittwieser, Julian and Leblond, R{\'e}mi and Eccles, Tom and Keeling, James and Gimeno, Felix and Dal Lago, Agustin and others},
  journal={Science},
  volume={378},
  number={6624},
  pages={1092--1097},
  year={2022},
  publisher={American Association for the Advancement of Science}
}
@article{jain2024testgeneval,
  title={Testgeneval: A real world unit test generation and test completion benchmark},
  author={Jain, Kush and Synnaeve, Gabriel and Rozi{\`e}re, Baptiste},
  journal={arXiv preprint arXiv:2410.00752},
  year={2024}
}
@article{sahu2022learning,
  title={Learning to Answer Semantic Queries over Code},
  author={Sahu, Surya Prakash and Mandal, Madhurima and Bharadwaj, Shikhar and Kanade, Aditya and Maniatis, Petros and Shevade, Shirish},
  journal={arXiv preprint arXiv:2209.08372},
  year={2022}
}

@article{muennighoff2023octopack,
  title={Octopack: Instruction tuning code large language models},
  author={Muennighoff, Niklas and Liu, Qian and Zebaze, Armel and Zheng, Qinkai and Hui, Binyuan and Zhuo, Terry Yue and Singh, Swayam and Tang, Xiangru and Von Werra, Leandro and Longpre, Shayne},
  journal={arXiv preprint arXiv:2308.07124},
  year={2023}
}

@article{zhang2024selene,
  title={Selene: Pioneering Automated Proof in Software Verification},
  author={Zhang, Lichen and Lu, Shuai and Duan, Nan},
  journal={arXiv preprint arXiv:2401.07663},
  year={2024}
}

@article{silva2024leveraging,
  title={Leveraging Large Language Models to Boost Dafny's Developers Productivity},
  author={Silva, {\'A}lvaro and Mendes, Alexandra and Ferreira, Jo{\~a}o F},
  journal={arXiv preprint arXiv:2401.00963},
  year={2024}
}

@article{dziri2023faith,
  title={Faith and Fate: Limits of Transformers on Compositionality},
  author={Dziri, Nouha and Lu, Ximing and Sclar, Melanie and Li, Xiang Lorraine and Jian, Liwei and Lin, Bill Yuchen and West, Peter and Bhagavatula, Chandra and Bras, Ronan Le and Hwang, Jena D and others},
  journal={arXiv preprint arXiv:2305.18654},
  year={2023}
}

@article{wei2022chain,
  title={Chain-of-thought prompting elicits reasoning in large language models},
  author={Wei, Jason and Wang, Xuezhi and Schuurmans, Dale and Bosma, Maarten and Xia, Fei and Chi, Ed and Le, Quoc V and Zhou, Denny and others},
  journal={Advances in Neural Information Processing Systems},
  volume={35},
  pages={24824--24837},
  year={2022}
}

@article{mizrahi2023state,
  title={State of What Art? A Call for Multi-Prompt LLM Evaluation},
  author={Mizrahi, Moran and Kaplan, Guy and Malkin, Dan and Dror, Rotem and Shahaf, Dafna and Stanovsky, Gabriel},
  journal={arXiv preprint arXiv:2401.00595},
  year={2023}
}

@article{wang2022self,
  title={Self-consistency improves chain of thought reasoning in language models},
  author={Wang, Xuezhi and Wei, Jason and Schuurmans, Dale and Le, Quoc and Chi, Ed and Narang, Sharan and Chowdhery, Aakanksha and Zhou, Denny},
  journal={arXiv preprint arXiv:2203.11171},
  year={2022}
}

@article{zhang2023can,
  title={Can Transformers Learn to Solve Problems Recursively?},
  author={Zhang, Shizhuo Dylan and Tigges, Curt and Biderman, Stella and Raginsky, Maxim and Ringer, Talia},
  journal={arXiv preprint arXiv:2305.14699},
  year={2023}
}

@misc{liu2024codemind,
      title={CodeMind: A Framework to Challenge Large Language Models for Code Reasoning}, 
      author={Changshu Liu and Shizhuo Dylan Zhang and Reyhaneh Jabbarvand},
      year={2024},
      eprint={2402.09664},
      archivePrefix={arXiv},
      primaryClass={cs.SE}
}

@article{oh2024generative,
  title={The Generative AI Paradox on Evaluation: What It Can Solve, It May Not Evaluate},
  author={Oh, Juhyun and Kim, Eunsu and Cha, Inha and Oh, Alice},
  journal={arXiv preprint arXiv:2402.06204},
  year={2024}
}

@article{min2023beyond,
  title={Beyond Accuracy: Evaluating Self-Consistency of Code Large Language Models with IdentityChain},
  author={Min, Marcus J and Ding, Yangruibo and Buratti, Luca and Pujar, Saurabh and Kaiser, Gail and Jana, Suman and Ray, Baishakhi},
  journal={arXiv preprint arXiv:2310.14053},
  year={2023}
}

@article{li2023starcoder,
  title={StarCoder: may the source be with you!},
  author={Li, Raymond and Allal, Loubna Ben and Zi, Yangtian and Muennighoff, Niklas and Kocetkov, Denis and Mou, Chenghao and Marone, Marc and Akiki, Christopher and Li, Jia and Chim, Jenny and others},
  journal={arXiv preprint arXiv:2305.06161},
  year={2023}
}

@article{chen2024tree,
  title={When is Tree Search Useful for LLM Planning? It Depends on the Discriminator},
  author={Chen, Ziru and White, Michael and Mooney, Raymond and Payani, Ali and Su, Yu and Sun, Huan},
  journal={arXiv preprint arXiv:2402.10890},
  year={2024}
}

@article{la2024code,
  title={Code Simulation Challenges for Large Language Models},
  author={La Malfa, Emanuele and Weinhuber, Christoph and Torre, Orazio and Lin, Fangru and Cohn, Anthony and Shadbolt, Nigel and Wooldridge, Michael},
  journal={arXiv preprint arXiv:2401.09074},
  year={2024}
}

@article{dinh2024large,
  title={Large language models of code fail at completing code with potential bugs},
  author={Dinh, Tuan and Zhao, Jinman and Tan, Samson and Negrinho, Renato and Lausen, Leonard and Zha, Sheng and Karypis, George},
  journal={Advances in Neural Information Processing Systems},
  volume={36},
  year={2024}
}

@article{cassano2023multipl,
  title={MultiPL-E: a scalable and polyglot approach to benchmarking neural code generation},
  author={Cassano, Federico and Gouwar, John and Nguyen, Daniel and Nguyen, Sydney and Phipps-Costin, Luna and Pinckney, Donald and Yee, Ming-Ho and Zi, Yangtian and Anderson, Carolyn Jane and Feldman, Molly Q and others},
  journal={IEEE Transactions on Software Engineering},
  volume={49},
  number={7},
  pages={3675--3691},
  year={2023},
  publisher={IEEE}
}

@article{zhou2023devil,
  title={The devil is in the tails: How long-tailed code distributions impact large language models},
  author={Zhou, Xin and Kim, Kisub and Xu, Bowen and Liu, Jiakun and Han, DongGyun and Lo, David},
  journal={arXiv preprint arXiv:2309.03567},
  year={2023}
}

@article{mora2024synthetic,
  title={Synthetic Programming Elicitation and Repair for Text-to-Code in Very Low-Resource Programming Languages},
  author={Mora, Federico and Wong, Justin and Lepe, Haley and Bhatia, Sahil and Elmaaroufi, Karim and Varghese, George and Gonzalez, Joseph E and Polgreen, Elizabeth and Seshia, Sanjit A},
  journal={arXiv preprint arXiv:2406.03636},
  year={2024}
}

@article{blinn2024statically,
  title={Statically Contextualizing Large Language Models with Typed Holes},
  author={Blinn, Andrew and Li, Xiang and Kim, June Hyung and Omar, Cyrus},
  journal={Proceedings of the ACM on Programming Languages},
  volume={8},
  number={OOPSLA2},
  pages={468--498},
  year={2024},
  publisher={ACM New York, NY, USA}
}

@article{qiu2024tenspiler,
  title={Tenspiler: A Verified Lifting-Based Compiler for Tensor Operations},
  author={Qiu, Jie and Cai, Colin and Bhatia, Sahil and Hasabnis, Niranjan and Seshia, Sanjit A and Cheung, Alvin},
  journal={arXiv preprint arXiv:2404.18249},
  year={2024}
}

@article{hui2024qwen2,
  title={Qwen2. 5-coder technical report},
  author={Hui, Binyuan and Yang, Jian and Cui, Zeyu and Yang, Jiaxi and Liu, Dayiheng and Zhang, Lei and Liu, Tianyu and Zhang, Jiajun and Yu, Bowen and Lu, Keming and others},
  journal={arXiv preprint arXiv:2409.12186},
  year={2024}
}

@article{joel2024survey,
  title={A Survey on LLM-based Code Generation for Low-Resource and Domain-Specific Programming Languages},
  author={Joel, Sathvik and Wu, Jie JW and Fard, Fatemeh H},
  journal={arXiv preprint arXiv:2410.03981},
  year={2024}
}

@article{ahmed2024studying,
  title={Studying LLM Performance on Closed-and Open-source Data},
  author={Ahmed, Toufique and Bird, Christian and Devanbu, Premkumar and Chakraborty, Saikat},
  journal={arXiv preprint arXiv:2402.15100},
  year={2024}
}

@article{liu2024codeupdatearena,
  title={Codeupdatearena: Benchmarking knowledge editing on api updates},
  author={Liu, Zeyu Leo and Pandit, Shrey and Ye, Xi and Choi, Eunsol and Durrett, Greg},
  journal={arXiv preprint arXiv:2407.06249},
  year={2024}
}

@article{islah2024gitchameleon,
  title={GitChameleon: Unmasking the Version-Switching Capabilities of Code Generation Models},
  author={Islah, Nizar and Gehring, Justine and Misra, Diganta and Muller, Eilif and Rish, Irina and Zhuo, Terry Yue and Caccia, Massimo},
  journal={arXiv preprint arXiv:2411.05830},
  year={2024}
}

@inproceedings{moura2021lean,
  title={The Lean 4 theorem prover and programming language},
  author={Moura, Leonardo de and Ullrich, Sebastian},
  booktitle={Automated Deduction--CADE 28: 28th International Conference on Automated Deduction, Virtual Event, July 12--15, 2021, Proceedings 28},
  pages={625--635},
  year={2021},
  organization={Springer}
}

@inproceedings{ellis2021dreamcoder,
  title={Dreamcoder: Bootstrapping inductive program synthesis with wake-sleep library learning},
  author={Ellis, Kevin and Wong, Catherine and Nye, Maxwell and Sabl{\'e}-Meyer, Mathias and Morales, Lucas and Hewitt, Luke and Cary, Luc and Solar-Lezama, Armando and Tenenbaum, Joshua B},
  booktitle={Proceedings of the 42nd acm sigplan international conference on programming language design and implementation},
  pages={835--850},
  year={2021}
}

@misc{deepseekai2025deepseekr1,
      title={DeepSeek-R1: Incentivizing Reasoning Capability in LLMs via Reinforcement Learning}, 
      author={DeepSeek-AI and Daya Guo and Dejian Yang and Haowei Zhang and Junxiao Song and Ruoyu Zhang and Runxin Xu and Qihao Zhu and Shirong Ma and Peiyi Wang and Xiao Bi and Xiaokang Zhang and Xingkai Yu and Yu Wu and Z. F. Wu and Zhibin Gou and Zhihong Shao and Zhuoshu Li and Ziyi Gao and Aixin Liu and Bing Xue and Bingxuan Wang and Bochao Wu and Bei Feng and Chengda Lu and Chenggang Zhao and Chengqi Deng and Chenyu Zhang and Chong Ruan and Damai Dai and Deli Chen and Dongjie Ji and Erhang Li and Fangyun Lin and Fucong Dai and Fuli Luo and Guangbo Hao and Guanting Chen and Guowei Li and H. Zhang and Han Bao and Hanwei Xu and Haocheng Wang and Honghui Ding and Huajian Xin and Huazuo Gao and Hui Qu and Hui Li and Jianzhong Guo and Jiashi Li and Jiawei Wang and Jingchang Chen and Jingyang Yuan and Junjie Qiu and Junlong Li and J. L. Cai and Jiaqi Ni and Jian Liang and Jin Chen and Kai Dong and Kai Hu and Kaige Gao and Kang Guan and Kexin Huang and Kuai Yu and Lean Wang and Lecong Zhang and Liang Zhao and Litong Wang and Liyue Zhang and Lei Xu and Leyi Xia and Mingchuan Zhang and Minghua Zhang and Minghui Tang and Meng Li and Miaojun Wang and Mingming Li and Ning Tian and Panpan Huang and Peng Zhang and Qiancheng Wang and Qinyu Chen and Qiushi Du and Ruiqi Ge and Ruisong Zhang and Ruizhe Pan and Runji Wang and R. J. Chen and R. L. Jin and Ruyi Chen and Shanghao Lu and Shangyan Zhou and Shanhuang Chen and Shengfeng Ye and Shiyu Wang and Shuiping Yu and Shunfeng Zhou and Shuting Pan and S. S. Li and Shuang Zhou and Shaoqing Wu and Shengfeng Ye and Tao Yun and Tian Pei and Tianyu Sun and T. Wang and Wangding Zeng and Wanjia Zhao and Wen Liu and Wenfeng Liang and Wenjun Gao and Wenqin Yu and Wentao Zhang and W. L. Xiao and Wei An and Xiaodong Liu and Xiaohan Wang and Xiaokang Chen and Xiaotao Nie and Xin Cheng and Xin Liu and Xin Xie and Xingchao Liu and Xinyu Yang and Xinyuan Li and Xuecheng Su and Xuheng Lin and X. Q. Li and Xiangyue Jin and Xiaojin Shen and Xiaosha Chen and Xiaowen Sun and Xiaoxiang Wang and Xinnan Song and Xinyi Zhou and Xianzu Wang and Xinxia Shan and Y. K. Li and Y. Q. Wang and Y. X. Wei and Yang Zhang and Yanhong Xu and Yao Li and Yao Zhao and Yaofeng Sun and Yaohui Wang and Yi Yu and Yichao Zhang and Yifan Shi and Yiliang Xiong and Ying He and Yishi Piao and Yisong Wang and Yixuan Tan and Yiyang Ma and Yiyuan Liu and Yongqiang Guo and Yuan Ou and Yuduan Wang and Yue Gong and Yuheng Zou and Yujia He and Yunfan Xiong and Yuxiang Luo and Yuxiang You and Yuxuan Liu and Yuyang Zhou and Y. X. Zhu and Yanhong Xu and Yanping Huang and Yaohui Li and Yi Zheng and Yuchen Zhu and Yunxian Ma and Ying Tang and Yukun Zha and Yuting Yan and Z. Z. Ren and Zehui Ren and Zhangli Sha and Zhe Fu and Zhean Xu and Zhenda Xie and Zhengyan Zhang and Zhewen Hao and Zhicheng Ma and Zhigang Yan and Zhiyu Wu and Zihui Gu and Zijia Zhu and Zijun Liu and Zilin Li and Ziwei Xie and Ziyang Song and Zizheng Pan and Zhen Huang and Zhipeng Xu and Zhongyu Zhang and Zhen Zhang},
      year={2025},
      eprint={2501.12948},
      archivePrefix={arXiv},
      primaryClass={cs.CL},
      url={https://arxiv.org/abs/2501.12948}, 
}



@inproceedings{kraska2018case,
  title={The case for learned index structures},
  author={Kraska, Tim and Beutel, Alex and Chi, Ed H and Dean, Jeffrey and Polyzotis, Neoklis},
  booktitle={Proceedings of the 2018 international conference on management of data},
  pages={489--504},
  year={2018}
}

@inproceedings{hawkins2011data,
  title={Data representation synthesis},
  author={Hawkins, Peter and Aiken, Alex and Fisher, Kathleen and Rinard, Martin and Sagiv, Mooly},
  booktitle={Proceedings of the 32nd ACM SIGPLAN conference on Programming language design and implementation},
  pages={38--49},
  year={2011}
}

@article{huang2023lessons,
  title={Lessons from Formally Verified Deployed Software Systems (Extended version)},
  author={Huang, Li and Ebersold, Sophie and Kogtenkov, Alexander and Meyer, Bertrand and Liu, Yinling},
  journal={arXiv preprint arXiv:2301.02206},
  year={2023}
}

@inproceedings{cousot2005astree,
  title={The ASTR{\'E}E analyzer},
  author={Cousot, Patrick and Cousot, Radhia and Feret, J{\'e}r{\^o}me and Mauborgne, Laurent and Min{\'e}, Antoine and Monniaux, David and Rival, Xavier},
  booktitle={Programming Languages and Systems: 14th European Symposium on Programming, ESOP 2005, Held as Part of the Joint European Conferences on Theory and Practice of Software, ETAPS 2005, Edinburgh, UK, April 4-8, 2005. Proceedings 14},
  pages={21--30},
  year={2005},
  organization={Springer}
}

@inproceedings{leroy2016compcert,
  title={CompCert-a formally verified optimizing compiler},
  author={Leroy, Xavier and Blazy, Sandrine and K{\"a}stner, Daniel and Schommer, Bernhard and Pister, Markus and Ferdinand, Christian},
  booktitle={ERTS 2016: Embedded Real Time Software and Systems, 8th European Congress},
  year={2016}
}

@inproceedings{chen2015using,
  title={Using Crash Hoare logic for certifying the FSCQ file system},
  author={Chen, Haogang and Ziegler, Daniel and Chajed, Tej and Chlipala, Adam and Kaashoek, M Frans and Zeldovich, Nickolai},
  booktitle={Proceedings of the 25th Symposium on Operating Systems Principles},
  pages={18--37},
  year={2015}
}


@article{zee2008full,
  title={Full functional verification of linked data structures},
  author={Zee, Karen and Kuncak, Viktor and Rinard, Martin},
  journal={ACM SIGPLAN Notices},
  volume={43},
  number={6},
  pages={349--361},
  year={2008},
  publisher={ACM New York, NY, USA}
}

@article{orenes2023using,
  title={Using llms to facilitate formal verification of rtl},
  author={Orenes-Vera, Marcelo and Martonosi, Margaret and Wentzlaff, David},
  journal={arXiv e-prints},
  pages={arXiv--2309},
  year={2023}
}


@misc{terrateam2024,
  author       = {Terrateam},
  title        = {Using LLMs to Generate Terraform Code},
  howpublished = {https://terrateam.io/blog/using-llms-to-generate-terraform-code/},
  year         = {2024}
}

@article{hendrycksapps2021,
  title={Measuring Coding Challenge Competence With APPS},
  author={Dan Hendrycks and Steven Basart and Saurav Kadavath and Mantas Mazeika and Akul Arora and Ethan Guo and Collin Burns and Samir Puranik and Horace He and Dawn Song and Jacob Steinhardt},
  journal={NeurIPS},
  year={2021}
}

@misc{jain2024livecodebenchholisticcontaminationfree,
      title={LiveCodeBench: Holistic and Contamination Free Evaluation of Large Language Models for Code}, 
      author={Naman Jain and King Han and Alex Gu and Wen-Ding Li and Fanjia Yan and Tianjun Zhang and Sida Wang and Armando Solar-Lezama and Koushik Sen and Ion Stoica},
      year={2024},
      eprint={2403.07974},
      archivePrefix={arXiv},
      primaryClass={cs.SE},
      url={https://arxiv.org/abs/2403.07974}, 
}

@inproceedings{
    jimenez2024swebench,
    title={{SWE}-bench: Can Language Models Resolve Real-world Github Issues?},
    author={Carlos E Jimenez and John Yang and Alexander Wettig and Shunyu Yao and Kexin Pei and Ofir Press and Karthik R Narasimhan},
    booktitle={The Twelfth International Conference on Learning Representations},
    year={2024},
    url={https://openreview.net/forum?id=VTF8yNQM66}
}

@article{schick2023toolformer,
  title={Toolformer: Language models can teach themselves to use tools},
  author={Schick, Timo and Dwivedi-Yu, Jane and Dess{\`\i}, Roberto and Raileanu, Roberta and Lomeli, Maria and Hambro, Eric and Zettlemoyer, Luke and Cancedda, Nicola and Scialom, Thomas},
  journal={Advances in Neural Information Processing Systems},
  volume={36},
  pages={68539--68551},
  year={2023}
}

@misc{berkeley-function-calling-leaderboard,
    title={Berkeley Function Calling Leaderboard}, 
    author={Fanjia Yan and Huanzhi Mao and Charlie Cheng-Jie Ji
    and Tianjun Zhang and Shishir G. Patil and Ion Stoica and Joseph E.
    Gonzalez},
    howpublished={https://gorilla.cs.berkeley.edu/blogs/8_berkeley_function_calling_leaderboard.html},
    year={2024},
}

@article{zhong2024ldb,
  title={Ldb: A large language model debugger via verifying runtime execution step-by-step},
  author={Zhong, Li and Wang, Zilong and Shang, Jingbo},
  journal={arXiv preprint arXiv:2402.16906},
  year={2024}
}

@article{gehring2024rlef,
  title={Rlef: Grounding code llms in execution feedback with reinforcement learning},
  author={Gehring, Jonas and Zheng, Kunhao and Copet, Jade and Mella, Vegard and Cohen, Taco and Synnaeve, Gabriel},
  journal={arXiv preprint arXiv:2410.02089},
  year={2024}
}

@inproceedings{olausson2023self,
  title={Is Self-Repair a Silver Bullet for Code Generation?},
  author={Olausson, Theo X and Inala, Jeevana Priya and Wang, Chenglong and Gao, Jianfeng and Solar-Lezama, Armando},
  booktitle={The Twelfth International Conference on Learning Representations},
  year={2023}
}

@misc{openhands,
      title={{OpenHands: An Open Platform for AI Software Developers as Generalist Agents}},
      author={Xingyao Wang and Boxuan Li and Yufan Song and Frank F. Xu and Xiangru Tang and Mingchen Zhuge and Jiayi Pan and Yueqi Song and Bowen Li and Jaskirat Singh and Hoang H. Tran and Fuqiang Li and Ren Ma and Mingzhang Zheng and Bill Qian and Yanjun Shao and Niklas Muennighoff and Yizhe Zhang and Binyuan Hui and Junyang Lin and Robert Brennan and Hao Peng and Heng Ji and Graham Neubig},
      year={2024},
      eprint={2407.16741},
      archivePrefix={arXiv},
      primaryClass={cs.SE},
      url={https://arxiv.org/abs/2407.16741},
}

@article{schardl2017csi,
  title={The CSI framework for compiler-inserted program instrumentation},
  author={Schardl, Tao B and Denniston, Tyler and Doucet, Damon and Kuszmaul, Bradley C and Lee, I-Ting Angelina and Leiserson, Charles E},
  journal={Proceedings of the ACM on Measurement and Analysis of Computing Systems},
  volume={1},
  number={2},
  pages={1--25},
  year={2017},
  publisher={ACM New York, NY, USA}
}

@inproceedings{yang2024sweagent,
  title={{SWE}-agent: Agent-Computer Interfaces Enable Automated Software Engineering},
  author={John Yang and Carlos E Jimenez and Alexander Wettig and Kilian Lieret and Shunyu Yao and Karthik R Narasimhan and Ofir Press},
  booktitle={The Thirty-eighth Annual Conference on Neural Information Processing Systems},
  year={2024},
  url={https://arxiv.org/abs/2405.15793}
}

@inproceedings{shi2014balancing,
  title={Balancing trade-offs in test-suite reduction},
  author={Shi, August and Gyori, Alex and Gligoric, Milos and Zaytsev, Andrey and Marinov, Darko},
  booktitle={Proceedings of the 22nd ACM SIGSOFT international symposium on foundations of software engineering},
  pages={246--256},
  year={2014}
}

@article{zou2019does,
  title={How does code style inconsistency affect pull request integration? An exploratory study on 117 GitHub projects},
  author={Zou, Weiqin and Xuan, Jifeng and Xie, Xiaoyuan and Chen, Zhenyu and Xu, Baowen},
  journal={Empirical Software Engineering},
  volume={24},
  pages={3871--3903},
  year={2019},
  publisher={Springer}
}

@article{wang2024beyond,
  title={Beyond functional correctness: Investigating coding style inconsistencies in large language models},
  author={Wang, Yanlin and Jiang, Tianyue and Liu, Mingwei and Chen, Jiachi and Zheng, Zibin},
  journal={arXiv preprint arXiv:2407.00456},
  year={2024}
}

@article{wang2024coderag,
  title={Coderag-bench: Can retrieval augment code generation?},
  author={Wang, Zora Zhiruo and Asai, Akari and Yu, Xinyan Velocity and Xu, Frank F and Xie, Yiqing and Neubig, Graham and Fried, Daniel},
  journal={arXiv preprint arXiv:2406.14497},
  year={2024}
}

@article{su2024bright,
  title={Bright: A realistic and challenging benchmark for reasoning-intensive retrieval},
  author={Su, Hongjin and Yen, Howard and Xia, Mengzhou and Shi, Weijia and Muennighoff, Niklas and Wang, Han-yu and Liu, Haisu and Shi, Quan and Siegel, Zachary S and Tang, Michael and others},
  journal={arXiv preprint arXiv:2407.12883},
  year={2024}
}

@article{utpala2023language,
  title={Language Agnostic Code Embeddings},
  author={Utpala, Saiteja and Gu, Alex and Chen, Pin Yu},
  journal={arXiv preprint arXiv:2310.16803},
  year={2023}
}

@article{ma2024unveiling,
  title={Unveiling code pre-trained models: Investigating syntax and semantics capacities},
  author={Ma, Wei and Liu, Shangqing and Zhao, Mengjie and Xie, Xiaofei and Wang, Wenhang and Hu, Qiang and Zhang, Jie and Liu, Yang},
  journal={ACM Transactions on Software Engineering and Methodology},
  volume={33},
  number={7},
  pages={1--29},
  year={2024},
  publisher={ACM New York, NY}
}

@article{lewis2020retrieval,
  title={Retrieval-augmented generation for knowledge-intensive nlp tasks},
  author={Lewis, Patrick and Perez, Ethan and Piktus, Aleksandra and Petroni, Fabio and Karpukhin, Vladimir and Goyal, Naman and K{\"u}ttler, Heinrich and Lewis, Mike and Yih, Wen-tau and Rockt{\"a}schel, Tim and others},
  journal={Advances in Neural Information Processing Systems},
  volume={33},
  pages={9459--9474},
  year={2020}
}

@article{gao2023retrieval,
  title={Retrieval-augmented generation for large language models: A survey},
  author={Gao, Yunfan and Xiong, Yun and Gao, Xinyu and Jia, Kangxiang and Pan, Jinliu and Bi, Yuxi and Dai, Yi and Sun, Jiawei and Wang, Haofen},
  journal={arXiv preprint arXiv:2312.10997},
  year={2023}
}

@article{potvin2016google,
  title={Why Google stores billions of lines of code in a single repository},
  author={Potvin, Rachel and Levenberg, Josh},
  journal={Communications of the ACM},
  volume={59},
  number={7},
  pages={78--87},
  year={2016},
  publisher={ACM New York, NY, USA}
}

@article{bogomolov2024long,
  title={Long Code Arena: a Set of Benchmarks for Long-Context Code Models},
  author={Bogomolov, Egor and Eliseeva, Aleksandra and Galimzyanov, Timur and Glukhov, Evgeniy and Shapkin, Anton and Tigina, Maria and Golubev, Yaroslav and Kovrigin, Alexander and van Deursen, Arie and Izadi, Maliheh and others},
  journal={arXiv preprint arXiv:2406.11612},
  year={2024}
}

@inproceedings{pei2023can,
  title={Can large language models reason about program invariants?},
  author={Pei, Kexin and Bieber, David and Shi, Kensen and Sutton, Charles and Yin, Pengcheng},
  booktitle={International Conference on Machine Learning},
  pages={27496--27520},
  year={2023},
  organization={PMLR}
}

@article{gupta2024codenav,
  title={CodeNav: Beyond tool-use to using real-world codebases with LLM agents},
  author={Gupta, Tanmay and Weihs, Luca and Kembhavi, Aniruddha},
  journal={arXiv preprint arXiv:2406.12276},
  year={2024}
}

@article{shi2024can,
  title={Can Language Models Solve Olympiad Programming?},
  author={Shi, Quan and Tang, Michael and Narasimhan, Karthik and Yao, Shunyu},
  journal={arXiv preprint arXiv:2404.10952},
  year={2024}
}

@inproceedings{lai2023ds,
  title={DS-1000: A natural and reliable benchmark for data science code generation},
  author={Lai, Yuhang and Li, Chengxi and Wang, Yiming and Zhang, Tianyi and Zhong, Ruiqi and Zettlemoyer, Luke and Yih, Wen-tau and Fried, Daniel and Wang, Sida and Yu, Tao},
  booktitle={International Conference on Machine Learning},
  pages={18319--18345},
  year={2023},
  organization={PMLR}
}

@inproceedings{jain2022jigsaw,
  title={Jigsaw: Large language models meet program synthesis},
  author={Jain, Naman and Vaidyanath, Skanda and Iyer, Arun and Natarajan, Nagarajan and Parthasarathy, Suresh and Rajamani, Sriram and Sharma, Rahul},
  booktitle={Proceedings of the 44th International Conference on Software Engineering},
  pages={1219--1231},
  year={2022}
}

@article{agashe2019juice,
  title={Juice: A large scale distantly supervised dataset for open domain context-based code generation},
  author={Agashe, Rajas and Iyer, Srinivasan and Zettlemoyer, Luke},
  journal={arXiv preprint arXiv:1910.02216},
  year={2019}
}

@article{zhuo2024bigcodebench,
  title={Bigcodebench: Benchmarking code generation with diverse function calls and complex instructions},
  author={Zhuo, Terry Yue and Vu, Minh Chien and Chim, Jenny and Hu, Han and Yu, Wenhao and Widyasari, Ratnadira and Yusuf, Imam Nur Bani and Zhan, Haolan and He, Junda and Paul, Indraneil and others},
  journal={arXiv preprint arXiv:2406.15877},
  year={2024}
}

@article{zhao2024commit0,
  title={Commit0: Library Generation from Scratch},
  author={Zhao, Wenting and Jiang, Nan and Lee, Celine and Chiu, Justin T and Cardie, Claire and Gall{\'e}, Matthias and Rush, Alexander M},
  journal={arXiv preprint arXiv:2412.01769},
  year={2024}
}

@inproceedings{leino2010dafny,
  title={Dafny: An automatic program verifier for functional correctness},
  author={Leino, K Rustan M},
  booktitle={International conference on logic for programming artificial intelligence and reasoning},
  pages={348--370},
  year={2010},
  organization={Springer}
}

@inproceedings{de2015lean,
  title={The Lean theorem prover (system description)},
  author={De Moura, Leonardo and Kong, Soonho and Avigad, Jeremy and Van Doorn, Floris and von Raumer, Jakob},
  booktitle={Automated Deduction-CADE-25: 25th International Conference on Automated Deduction, Berlin, Germany, August 1-7, 2015, Proceedings 25},
  pages={378--388},
  year={2015},
  organization={Springer}
}

@book{nipkow2002isabelle,
  title={Isabelle/HOL: a proof assistant for higher-order logic},
  author={Nipkow, Tobias and Wenzel, Markus and Paulson, Lawrence C},
  year={2002},
  publisher={Springer}
}

@misc{Coq-refman,
  title = "The {Coq} Reference Manual -- Release 8.19.0",
  author = "{The Coq Development Team}",
  year = "2024",
  howpublished = "\url{https://coq.inria.fr/doc/V8.19.0/refman}"
}

@inproceedings{lattuada2024verus,
  title={Verus: A practical foundation for systems verification},
  author={Lattuada, Andrea and Hance, Travis and Bosamiya, Jay and Brun, Matthias and Cho, Chanhee and LeBlanc, Hayley and Srinivasan, Pranav and Achermann, Reto and Chajed, Tej and Hawblitzel, Chris and others},
  booktitle={Proceedings of the ACM SIGOPS 30th Symposium on Operating Systems Principles},
  pages={438--454},
  year={2024}
}

@article{lamport1994introduction,
  title={Introduction to TLA},
  author={Lamport, Leslie},
  year={1994}
}

@article{luo2024repoagent,
  title={Repoagent: An llm-powered open-source framework for repository-level code documentation generation},
  author={Luo, Qinyu and Ye, Yining and Liang, Shihao and Zhang, Zhong and Qin, Yujia and Lu, Yaxi and Wu, Yesai and Cong, Xin and Lin, Yankai and Zhang, Yingli and others},
  journal={arXiv preprint arXiv:2402.16667},
  year={2024}
}

@article{deshpande2024class,
  title={Class-Level Code Generation from Natural Language Using Iterative, Tool-Enhanced Reasoning over Repository},
  author={Deshpande, Ajinkya and Agarwal, Anmol and Shet, Shashank and Iyer, Arun and Kanade, Aditya and Bairi, Ramakrishna and Parthasarathy, Suresh},
  journal={arXiv preprint arXiv:2405.01573},
  year={2024}
}

@inproceedings{mosolygo2021rise,
  title={On the rise and fall of simple stupid bugs: a life-cycle analysis of sstubs},
  author={Mosolyg{\'o}, Bal{\'a}zs and V{\'a}ndor, Norbert and Antal, G{\'a}bor and Heged{\H{u}}s, P{\'e}ter},
  booktitle={2021 IEEE/ACM 18th International Conference on Mining Software Repositories (MSR)},
  pages={495--499},
  year={2021},
  organization={IEEE}
}

@article{sun2024source,
  title={Source code summarization in the era of large language models},
  author={Sun, Weisong and Miao, Yun and Li, Yuekang and Zhang, Hongyu and Fang, Chunrong and Liu, Yi and Deng, Gelei and Liu, Yang and Chen, Zhenyu},
  journal={arXiv preprint arXiv:2407.07959},
  year={2024}
}

@article{diggs2024leveraging,
  title={Leveraging LLMs for Legacy Code Modernization: Challenges and Opportunities for LLM-Generated Documentation},
  author={Diggs, Colin and Doyle, Michael and Madan, Amit and Scott, Siggy and Escamilla, Emily and Zimmer, Jacob and Nekoo, Naveed and Ursino, Paul and Bartholf, Michael and Robin, Zachary and others},
  journal={arXiv preprint arXiv:2411.14971},
  year={2024}
}

@article{shi2024natural,
  title={Natural language outlines for code: Literate programming in the llm era},
  author={Shi, Kensen and Alt{\i}nb{\"u}ken, Deniz and Anand, Saswat and Christodorescu, Mihai and Gr{\"u}nwedel, Katja and Koenings, Alexa and Naidu, Sai and Pathak, Anurag and Rasi, Marc and Ribeiro, Fredde and others},
  journal={arXiv preprint arXiv:2408.04820},
  year={2024}
}

@article{su2024distilled,
  title={Distilled GPT for source code summarization},
  author={Su, Chia-Yi and McMillan, Collin},
  journal={Automated Software Engineering},
  volume={31},
  number={1},
  pages={22},
  year={2024},
  publisher={Springer}
}

@article{haldar2024analyzing,
  title={Analyzing the performance of large language models on code summarization},
  author={Haldar, Rajarshi and Hockenmaier, Julia},
  journal={arXiv preprint arXiv:2404.08018},
  year={2024}
}

@inproceedings{ahmed2024automatic,
  title={Automatic semantic augmentation of language model prompts (for code summarization)},
  author={Ahmed, Toufique and Pai, Kunal Suresh and Devanbu, Premkumar and Barr, Earl},
  booktitle={Proceedings of the IEEE/ACM 46th International Conference on Software Engineering},
  pages={1--13},
  year={2024}
}

@inproceedings{tufano2021towards,
  title={Towards automating code review activities},
  author={Tufano, Rosalia and Pascarella, Luca and Tufano, Michele and Poshyvanyk, Denys and Bavota, Gabriele},
  booktitle={2021 IEEE/ACM 43rd International Conference on Software Engineering (ICSE)},
  pages={163--174},
  year={2021},
  organization={IEEE}
}

@inproceedings{li2022automating,
  title={Automating code review activities by large-scale pre-training},
  author={Li, Zhiyu and Lu, Shuai and Guo, Daya and Duan, Nan and Jannu, Shailesh and Jenks, Grant and Majumder, Deep and Green, Jared and Svyatkovskiy, Alexey and Fu, Shengyu and others},
  booktitle={Proceedings of the 30th ACM Joint European Software Engineering Conference and Symposium on the Foundations of Software Engineering},
  pages={1035--1047},
  year={2022}
}

@inproceedings{tufano2022using,
  title={Using pre-trained models to boost code review automation},
  author={Tufano, Rosalia and Masiero, Simone and Mastropaolo, Antonio and Pascarella, Luca and Poshyvanyk, Denys and Bavota, Gabriele},
  booktitle={Proceedings of the 44th international conference on software engineering},
  pages={2291--2302},
  year={2022}
}

@article{li2024utilizing,
  title={Utilizing deep learning to optimize software development processes},
  author={Li, Keqin and Zhu, Armando and Zhao, Peng and Song, Jintong and Liu, Jiabei},
  journal={arXiv preprint arXiv:2404.13630},
  year={2024}
}

@inproceedings{nam2024using,
  title={Using an llm to help with code understanding},
  author={Nam, Daye and Macvean, Andrew and Hellendoorn, Vincent and Vasilescu, Bogdan and Myers, Brad},
  booktitle={Proceedings of the IEEE/ACM 46th International Conference on Software Engineering},
  pages={1--13},
  year={2024}
}

@article{he2024beyond,
  title={Beyond code generation: Assessing code llm maturity with postconditions},
  author={He, Fusen and Zhai, Juan and Pan, Minxue},
  journal={arXiv preprint arXiv:2407.14118},
  year={2024}
}

@inproceedings{yan2024ivie,
  title={Ivie: Lightweight anchored explanations of just-generated code},
  author={Yan, Litao and Hwang, Alyssa and Wu, Zhiyuan and Head, Andrew},
  booktitle={Proceedings of the CHI Conference on Human Factors in Computing Systems},
  pages={1--15},
  year={2024}
}

@inproceedings{ding2024traced,
  title={Traced: Execution-aware pre-training for source code},
  author={Ding, Yangruibo and Steenhoek, Benjamin and Pei, Kexin and Kaiser, Gail and Le, Wei and Ray, Baishakhi},
  booktitle={Proceedings of the 46th IEEE/ACM International Conference on Software Engineering},
  pages={1--12},
  year={2024}
}

@inproceedings{sun2024clover,
  title={Clover: Closed-Loop Verifiable Code Generation},
  author={Sun, Chuyue and Sheng, Ying and Padon, Oded and Barrett, Clark},
  booktitle={International Symposium on AI Verification},
  pages={134--155},
  year={2024},
  organization={Springer}
}

@article{chen2024evaluating,
  title={Evaluating Large Language Models with Runtime Behavior of Program Execution},
  author={Chen, Junkai and Pan, Zhiyuan and Hu, Xing and Li, Zhenhao and Li, Ge and Xia, Xin},
  journal={arXiv preprint arXiv:2403.16437},
  year={2024}
}

@article{si2018learning,
  title={Learning loop invariants for program verification},
  author={Si, Xujie and Dai, Hanjun and Raghothaman, Mukund and Naik, Mayur and Song, Le},
  journal={Advances in Neural Information Processing Systems},
  volume={31},
  year={2018}
}

@article{ernst2007daikon,
  title={The Daikon system for dynamic detection of likely invariants},
  author={Ernst, Michael D and Perkins, Jeff H and Guo, Philip J and McCamant, Stephen and Pacheco, Carlos and Tschantz, Matthew S and Xiao, Chen},
  journal={Science of computer programming},
  volume={69},
  number={1-3},
  pages={35--45},
  year={2007},
  publisher={Elsevier}
}

@inproceedings{dhulipala2024planning,
  title={Planning to Guide LLM for Code Coverage Prediction},
  author={Dhulipala, Hridya and Yadavally, Aashish and Nguyen, Tien N},
  booktitle={Proceedings of the 2024 IEEE/ACM First International Conference on AI Foundation Models and Software Engineering},
  pages={24--34},
  year={2024}
}

@article{gu2024counterfeit,
  title={The counterfeit conundrum: Can code language models grasp the nuances of their incorrect generations?},
  author={Gu, Alex and Li, Wen-Ding and Jain, Naman and Olausson, Theo X and Lee, Celine and Sen, Koushik and Solar-Lezama, Armando},
  journal={arXiv preprint arXiv:2402.19475},
  year={2024}
}

@inproceedings{ernst1999dynamically,
  title={Dynamically discovering likely program invariants to support program evolution},
  author={Ernst, Michael D and Cockrell, Jake and Griswold, William G and Notkin, David},
  booktitle={Proceedings of the 21st international conference on Software engineering},
  pages={213--224},
  year={1999}
}

@article{chakraborty2023ranking,
  title={Ranking llm-generated loop invariants for program verification},
  author={Chakraborty, Saikat and Lahiri, Shuvendu K and Fakhoury, Sarah and Musuvathi, Madanlal and Lal, Akash and Rastogi, Aseem and Senthilnathan, Aditya and Sharma, Rahul and Swamy, Nikhil},
  journal={arXiv preprint arXiv:2310.09342},
  year={2023}
}

@article{kamath2023finding,
  title={Finding inductive loop invariants using large language models},
  author={Kamath, Adharsh and Senthilnathan, Aditya and Chakraborty, Saikat and Deligiannis, Pantazis and Lahiri, Shuvendu K and Lal, Akash and Rastogi, Aseem and Roy, Subhajit and Sharma, Rahul},
  journal={arXiv preprint arXiv:2311.07948},
  year={2023}
}

@inproceedings{liu2024towards,
  title={Towards General Loop Invariant Generation: A Benchmark of Programs with Memory Manipulation},
  author={Liu, Chang and Wu, Xiwei and Feng, Yuan and Cao, Qinxiang and Yan, Junchi},
  booktitle={The Thirty-eight Conference on Neural Information Processing Systems Datasets and Benchmarks Track},
  year={2024}
}

@inproceedings{yu2023loop,
  title={Loop Invariant Inference through SMT Solving Enhanced Reinforcement Learning},
  author={Yu, Shiwen and Wang, Ting and Wang, Ji},
  booktitle={Proceedings of the 32nd ACM SIGSOFT International Symposium on Software Testing and Analysis},
  pages={175--187},
  year={2023}
}

@article{majd2019code4bench,
  title={Code4Bench: A multidimensional benchmark of Codeforces data for different program analysis techniques},
  author={Majd, Amirabbas and Vahidi-Asl, Mojtaba and Khalilian, Alireza and Baraani-Dastjerdi, Ahmad and Zamani, Bahman},
  journal={Journal of Computer Languages},
  volume={53},
  pages={38--52},
  year={2019},
  publisher={Elsevier}
}

@article{mankowitz2023faster,
  title={Faster sorting algorithms discovered using deep reinforcement learning},
  author={Mankowitz, Daniel J and Michi, Andrea and Zhernov, Anton and Gelmi, Marco and Selvi, Marco and Paduraru, Cosmin and Leurent, Edouard and Iqbal, Shariq and Lespiau, Jean-Baptiste and Ahern, Alex and others},
  journal={Nature},
  volume={618},
  number={7964},
  pages={257--263},
  year={2023},
  publisher={Nature Publishing Group UK London}
}

@article{neri2023shorter,
  title={Shorter and faster than Sort3AlphaDev},
  author={Neri, Cassio},
  journal={arXiv preprint arXiv:2307.14503},
  year={2023}
}

@inproceedings{ullrich2024synthesis,
author = {Ullrich, Marcel and Hack, Sebastian},
title = {Synthesis of Sorting Kernels},
year = {2025},
isbn = {9798400712753},
publisher = {Association for Computing Machinery},
address = {New York, NY, USA},
url = {https://doi.org/10.1145/3696443.3708954},
doi = {10.1145/3696443.3708954},
booktitle = {Proceedings of the 23rd ACM/IEEE International Symposium on Code Generation and Optimization},
pages = {1–14},
numpages = {14},
keywords = {instruction-level optimizations, sorting kernels, super optimization, synthesis},
location = {Las Vegas, NV, USA},
series = {CGO '25}
}

@misc{mimicry, url={https://www.mimicry.ai/faster-sorting-beyond-deepminds-alphadev}, journal={mimicry}} 

@misc{ouyang2024kernelbench,
      title={KernelBench: Can LLMs Write GPU Kernels?}, 
      author={Anne Ouyang and Simon Guo and Azalia Mirhoseini},
      year={2024},
      url={https://scalingintelligence.stanford.edu/blogs/kernelbench/}, 
}

@article{kumarappan2024leanagent,
  title={LeanAgent: Lifelong Learning for Formal Theorem Proving},
  author={Kumarappan, Adarsh and Tiwari, Mo and Song, Peiyang and George, Robert Joseph and Xiao, Chaowei and Anandkumar, Anima},
  journal={arXiv preprint arXiv:2410.06209},
  year={2024}
}

@article{wu2024continual,
  title={Continual learning for large language models: A survey},
  author={Wu, Tongtong and Luo, Linhao and Li, Yuan-Fang and Pan, Shirui and Vu, Thuy-Trang and Haffari, Gholamreza},
  journal={arXiv preprint arXiv:2402.01364},
  year={2024}
}

@article{wang2024comprehensive,
  title={A comprehensive survey of continual learning: theory, method and application},
  author={Wang, Liyuan and Zhang, Xingxing and Su, Hang and Zhu, Jun},
  journal={IEEE Transactions on Pattern Analysis and Machine Intelligence},
  year={2024},
  publisher={IEEE}
}

@inproceedings{xu2024cloud,
  title={Cloud resource protection via automated security property reasoning},
  author={Xu, Zhixing and Guo, Shengjian and Tkachuk, Oksana and Nejati, Saeed and Razavi, Niloofar and Argyros, George},
  booktitle={Proceedings of the 39th IEEE/ACM International Conference on Automated Software Engineering},
  pages={2170--2175},
  year={2024}
}

@misc{goel2024leanprover,
      title={leanprover/LNSym}, 
      author={Goel, Shilpi and Keizer, Alex and Siddharth and Peng, Yan and Morrison, Kim and Wetzler, Nathan and de Moura, Leonardo and Ebeid, Nevine and Lee, Juneyoung and Letson, Austin and Cicolini, Luisa and Kong, Soonho},
      year={2024},
      url={https://github.com/leanprover/LNSym}, 
}

@misc{disselkoen2025cedar,
title = {cedar-policy/cedar},
url = {https://github.com/cedar-policy/cedar},
author = {Disselkoen, Craig and Kastner, John and shaobo-he-aws and Hietala, Kesha and Wells, Andrew and Eline, Aaron and Moreno, Victor and Palacios, Adrian and Markling, Magnus and Szegheo, Nicholas and yuan and Larsen, Mats Jun and Sharma, Saurav and B-Lorentz and Smith, Naomi and Vanderbleek, Sandy and Mamat, Anwar and Banchich, Andrew and Hakanson, Kevin and vasumv and Cecchetti, Sarah and Arakaki, Rin and Flatt, Oliver and Meissl, Christian and Bhakti and Rozek, Brandon and García, Juan V. and Tamás, Józsa and Jones, Lucas},
year={2025},
}


@inproceedings{erbsen2021integration,
  title={Integration verification across software and hardware for a simple embedded system},
  author={Erbsen, Andres and Gruetter, Samuel and Choi, Joonwon and Wood, Clark and Chlipala, Adam},
  booktitle={Proceedings of the 42nd ACM SIGPLAN International Conference on Programming Language Design and Implementation},
  pages={604--619},
  year={2021}
}

@article{erbsen2024foundational,
  title={Foundational Integration Verification of a Cryptographic Server},
  author={Erbsen, Andres and Philipoom, Jade and Jamner, Dustin and Lin, Ashley and Gruetter, Samuel and Pit-Claudel, Cl{\'e}ment and Chlipala, Adam},
  journal={Proceedings of the ACM on Programming Languages},
  volume={8},
  number={PLDI},
  pages={1704--1729},
  year={2024},
  publisher={ACM New York, NY, USA}
}

@article{aggarwal2024alphaverus,
  title={AlphaVerus: Bootstrapping formally verified code generation through self-improving translation and treefinement},
  author={Aggarwal, Pranjal and Parno, Bryan and Welleck, Sean},
  journal={arXiv preprint arXiv:2412.06176},
  year={2024}
}

@article{yang2024autoverus,
  title={AutoVerus: Automated proof generation for Rust code},
  author={Yang, Chenyuan and Li, Xuheng and Misu, Md Rakib Hossain and Yao, Jianan and Cui, Weidong and Gong, Yeyun and Hawblitzel, Chris and Lahiri, Shuvendu and Lorch, Jacob R and Lu, Shuai and others},
  journal={arXiv preprint arXiv:2409.13082},
  year={2024}
}

@article{song2024towards,
  title={Towards large language models as copilots for theorem proving in lean},
  author={Song, Peiyang and Yang, Kaiyu and Anandkumar, Anima},
  journal={arXiv preprint arXiv:2404.12534},
  year={2024}
}

@article{misu2024towards,
  title={Towards ai-assisted synthesis of verified dafny methods},
  author={Misu, Md Rakib Hossain and Lopes, Cristina V and Ma, Iris and Noble, James},
  journal={Proceedings of the ACM on Software Engineering},
  volume={1},
  number={FSE},
  pages={812--835},
  year={2024},
  publisher={ACM New York, NY, USA}
}

@article{loughridge2024dafnybench,
  title={DafnyBench: A Benchmark for Formal Software Verification},
  author={Loughridge, Chloe and Sun, Qinyi and Ahrenbach, Seth and Cassano, Federico and Sun, Chuyue and Sheng, Ying and Mudide, Anish and Misu, Md Rakib Hossain and Amin, Nada and Tegmark, Max},
  journal={arXiv preprint arXiv:2406.08467},
  year={2024}
}

@article{li2025dafny,
  title={Dafny as Verification-Aware Intermediate Language for Code Generation},
  author={Li, Yue Chen and Zetzsche, Stefan and Somayyajula, Siva},
  journal={arXiv preprint arXiv:2501.06283},
  year={2025}
}

@article{poesia2024dafny,
  title={dafny-annotator: AI-Assisted Verification of Dafny Programs},
  author={Poesia, Gabriel and Loughridge, Chloe and Amin, Nada},
  journal={arXiv preprint arXiv:2411.15143},
  year={2024}
}

@article{lohn2024minicodeprops,
  title={miniCodeProps: a Minimal Benchmark for Proving Code Properties},
  author={Lohn, Evan and Welleck, Sean},
  journal={arXiv preprint arXiv:2406.11915},
  year={2024}
}

@article{welleck2023llmstep,
    title={LLMSTEP: LLM proofstep suggestions in Lean},
    author={Sean Welleck and Rahul Saha},
    journal={arXiv preprint arXiv:2310.18457},
    year={2023}
}

@inproceedings{liang2024large,
  title={A large-scale survey on the usability of ai programming assistants: Successes and challenges},
  author={Liang, Jenny T and Yang, Chenyang and Myers, Brad A},
  booktitle={Proceedings of the 46th IEEE/ACM International Conference on Software Engineering},
  pages={1--13},
  year={2024}
}

@article{hou2024large,
  title={Large language models for software engineering: A systematic literature review},
  author={Hou, Xinyi and Zhao, Yanjie and Liu, Yue and Yang, Zhou and Wang, Kailong and Li, Li and Luo, Xiapu and Lo, David and Grundy, John and Wang, Haoyu},
  journal={ACM Transactions on Software Engineering and Methodology},
  volume={33},
  number={8},
  pages={1--79},
  year={2024},
  publisher={ACM New York, NY}
}

@inproceedings{fan2023large,
  title={Large language models for software engineering: Survey and open problems},
  author={Fan, Angela and Gokkaya, Beliz and Harman, Mark and Lyubarskiy, Mitya and Sengupta, Shubho and Yoo, Shin and Zhang, Jie M},
  booktitle={2023 IEEE/ACM International Conference on Software Engineering: Future of Software Engineering (ICSE-FoSE)},
  pages={31--53},
  year={2023},
  organization={IEEE}
}

@article{ozkaya2023application,
  title={Application of large language models to software engineering tasks: Opportunities, risks, and implications},
  author={Ozkaya, Ipek},
  journal={IEEE Software},
  volume={40},
  number={3},
  pages={4--8},
  year={2023},
  publisher={IEEE}
}

@article{wang2024software,
  title={Software testing with large language models: Survey, landscape, and vision},
  author={Wang, Junjie and Huang, Yuchao and Chen, Chunyang and Liu, Zhe and Wang, Song and Wang, Qing},
  journal={IEEE Transactions on Software Engineering},
  year={2024},
  publisher={IEEE}
}

@article{yang2024formal,
  title={Formal Mathematical Reasoning: A New Frontier in AI},
  author={Yang, Kaiyu and Poesia, Gabriel and He, Jingxuan and Li, Wenda and Lauter, Kristin and Chaudhuri, Swarat and Song, Dawn},
  journal={arXiv preprint arXiv:2412.16075},
  year={2024}
}

@article{sergeyuk2025using,
  title={Using AI-based coding assistants in practice: State of affairs, perceptions, and ways forward},
  author={Sergeyuk, Agnia and Golubev, Yaroslav and Bryksin, Timofey and Ahmed, Iftekhar},
  journal={Information and Software Technology},
  volume={178},
  pages={107610},
  year={2025},
  publisher={Elsevier}
}

@article{wan2024deep,
  title={Deep Learning for Code Intelligence: Survey, Benchmark and Toolkit},
  author={Wan, Yao and Bi, Zhangqian and He, Yang and Zhang, Jianguo and Zhang, Hongyu and Sui, Yulei and Xu, Guandong and Jin, Hai and Yu, Philip},
  journal={ACM Computing Surveys},
  year={2024},
  publisher={ACM New York, NY}
}

@article{wong2023natural,
  title={Natural language generation and understanding of big code for AI-assisted programming: A review},
  author={Wong, Man-Fai and Guo, Shangxin and Hang, Ching-Nam and Ho, Siu-Wai and Tan, Chee-Wei},
  journal={Entropy},
  volume={25},
  number={6},
  pages={888},
  year={2023},
  publisher={MDPI}
}

@article{zheng2023survey,
  title={A survey of large language models for code: Evolution, benchmarking, and future trends},
  author={Zheng, Zibin and Ning, Kaiwen and Wang, Yanlin and Zhang, Jingwen and Zheng, Dewu and Ye, Mingxi and Chen, Jiachi},
  journal={arXiv preprint arXiv:2311.10372},
  year={2023}
}

@article{zhang2023survey,
  title={A survey of learning-based automated program repair},
  author={Zhang, Quanjun and Fang, Chunrong and Ma, Yuxiang and Sun, Weisong and Chen, Zhenyu},
  journal={ACM Transactions on Software Engineering and Methodology},
  volume={33},
  number={2},
  pages={1--69},
  year={2023},
  publisher={ACM New York, NY}
}

@article{jin2024llms,
  title={From llms to llm-based agents for software engineering: A survey of current, challenges and future},
  author={Jin, Haolin and Huang, Linghan and Cai, Haipeng and Yan, Jun and Li, Bo and Chen, Huaming},
  journal={arXiv preprint arXiv:2408.02479},
  year={2024}
}

@article{kirkpatrick2017overcoming,
  title={Overcoming catastrophic forgetting in neural networks},
  author={Kirkpatrick, James and Pascanu, Razvan and Rabinowitz, Neil and Veness, Joel and Desjardins, Guillaume and Rusu, Andrei A and Milan, Kieran and Quan, John and Ramalho, Tiago and Grabska-Barwinska, Agnieszka and others},
  journal={Proceedings of the national academy of sciences},
  volume={114},
  number={13},
  pages={3521--3526},
  year={2017},
  publisher={National Acad Sciences}
}


@article{li2024combining,
  title={Combining induction and transduction for abstract reasoning},
  author={Li, Wen-Ding and Hu, Keya and Larsen, Carter and Wu, Yuqing and Alford, Simon and Woo, Caleb and Dunn, Spencer M and Tang, Hao and Naim, Michelangelo and Nguyen, Dat and others},
  journal={arXiv preprint arXiv:2411.02272},
  year={2024}
}

@misc{deepmindalphaproof,
  title = {AI achieves silver-medal standard solving International Mathematical Olympiad problems},
  howpublished = {https://deepmind.google/discover/blog/ai-solves-imo-problems-at-silver-medal-level/},
  author={Google},
  year={2024},
}

@article{trinh2024solving,
  title={Solving olympiad geometry without human demonstrations},
  author={Trinh, Trieu H and Wu, Yuhuai and Le, Quoc V and He, He and Luong, Thang},
  journal={Nature},
  volume={625},
  number={7995},
  pages={476--482},
  year={2024},
  publisher={Nature Publishing Group UK London}
}

@article{patil2023gorilla,
    title={Gorilla: Large Language Model Connected with Massive APIs},
    author={Shishir G. Patil and Tianjun Zhang and Xin Wang and Joseph E. Gonzalez},
    journal={arXiv preprint arXiv:2305.15334},
    year={2023},
}
                
@article{claude35swebench,
title={Raising the bar on SWE-bench Verified with Claude 3.5 Sonnet},
author={Anthropic},
year={2024}
}

@article{liu2024marscode,
  title={MarsCode Agent: AI-native Automated Bug Fixing},
  author={Liu, Yizhou and Gao, Pengfei and Wang, Xinchen and Liu, Jie and Shi, Yexuan and Zhang, Zhao and Peng, Chao},
  journal={arXiv preprint arXiv:2409.00899},
  year={2024}
}

@article{bigsleep,
title={From Naptime to Big Sleep: Using Large Language Models To Catch Vulnerabilities In Real-World Code},
author={Google BigSleep},
url={https://googleprojectzero.blogspot.com/2024/10/from-naptime-to-big-sleep.html},
year={2024},
}


@article{softwarecognitive,
title={Cognitive load is what matters},
author={Artem Zakirullin},
url={https://minds.md/zakirullin/cognitive},
year={2024},
}

@article{bairi2024codeplan,
  title={Codeplan: Repository-level coding using llms and planning},
  author={Bairi, Ramakrishna and Sonwane, Atharv and Kanade, Aditya and Iyer, Arun and Parthasarathy, Suresh and Rajamani, Sriram and Ashok, B and Shet, Shashank},
  journal={Proceedings of the ACM on Software Engineering},
  volume={1},
  number={FSE},
  pages={675--698},
  year={2024},
  publisher={ACM New York, NY, USA}
}

@article{morris2023levels,
  title={Levels of AGI: Operationalizing Progress on the Path to AGI},
  author={Morris, Meredith Ringel and Sohl-Dickstein, Jascha and Fiedel, Noah and Warkentin, Tris and Dafoe, Allan and Faust, Aleksandra and Farabet, Clement and Legg, Shane},
  journal={arXiv preprint arXiv:2311.02462},
  year={2023}
}

@article{wei2022emergent,
  title={Emergent abilities of large language models},
  author={Wei, Jason and Tay, Yi and Bommasani, Rishi and Raffel, Colin and Zoph, Barret and Borgeaud, Sebastian and Yogatama, Dani and Bosma, Maarten and Zhou, Denny and Metzler, Donald and others},
  journal={arXiv preprint arXiv:2206.07682},
  year={2022}
}

@article{weisz2024examining,
  title={Examining the Use and Impact of an AI Code Assistant on Developer Productivity and Experience in the Enterprise},
  author={Weisz, Justin D and Kumar, Shraddha and Muller, Michael and Browne, Karen-Ellen and Goldberg, Arielle and Heintze, Ellice and Bajpai, Shagun},
  journal={arXiv preprint arXiv:2412.06603},
  year={2024}
}

@article{chaudhuri2021neurosymbolic,
  title={Neurosymbolic programming},
  author={Chaudhuri, Swarat and Ellis, Kevin and Polozov, Oleksandr and Singh, Rishabh and Solar-Lezama, Armando and Yue, Yisong and others},
  journal={Foundations and Trends{\textregistered} in Programming Languages},
  volume={7},
  number={3},
  pages={158--243},
  year={2021},
  publisher={Now Publishers, Inc.}
}

@inproceedings{nahar2022collaboration,
  title={Collaboration challenges in building ml-enabled systems: Communication, documentation, engineering, and process},
  author={Nahar, Nadia and Zhou, Shurui and Lewis, Grace and K{\"a}stner, Christian},
  booktitle={Proceedings of the 44th international conference on software engineering},
  pages={413--425},
  year={2022}
}

@misc{chi2024copilot,
    title={Copilot Arena},
    author={Wayne Chi and Valerie Chen and Wei-Lin Chiang and Anastasios N. Angelopoulos and Naman Jain and Tianjun Zhang and Ion Stoica and Chris Donahue and Ameet Talwalkar},
    year={2024},
}

@inproceedings{evalperf,
  title = {Evaluating Language Models for Efficient Code Generation},
  author = {Liu, Jiawei and Xie, Songrun and Wang, Junhao and Wei, Yuxiang and Ding, Yifeng and Zhang, Lingming},
  booktitle = {First Conference on Language Modeling},
  year = {2024},
  url = {https://openreview.net/forum?id=IBCBMeAhmC},
}

@article{parnas1972criteria,
  title={On the criteria to be used in decomposing systems into modules},
  author={Parnas, David Lorge},
  journal={Communications of the ACM},
  volume={15},
  number={12},
  pages={1053--1058},
  year={1972},
  publisher={ACm New York, NY, USA}
}

@inproceedings{jain2024r2e,
  title={R2e: Turning any github repository into a programming agent environment},
  author={Jain, Naman and Shetty, Manish and Zhang, Tianjun and Han, King and Sen, Koushik and Stoica, Ion},
  booktitle={Forty-first International Conference on Machine Learning},
  year={2024}
}

@misc{pan2024trainingsoftwareengineeringagents,
      title={Training Software Engineering Agents and Verifiers with SWE-Gym}, 
      author={Jiayi Pan and Xingyao Wang and Graham Neubig and Navdeep Jaitly and Heng Ji and Alane Suhr and Yizhe Zhang},
      year={2024},
      eprint={2412.21139},
      archivePrefix={arXiv},
      primaryClass={cs.SE},
      url={https://arxiv.org/abs/2412.21139}, 
}

@misc{shao2024collaborativegym,
      title={Collaborative Gym: A Framework for Enabling and Evaluating Human-Agent Collaboration}, 
      author={Yijia Shao and Vinay Samuel and Yucheng Jiang and John Yang and Diyi Yang},
      year={2024},
      eprint={2412.15701},
      archivePrefix={arXiv},
      primaryClass={cs.AI},
      url={https://arxiv.org/abs/2412.15701}, 
}

@article{geng2023grammar,
  title={Grammar-constrained decoding for structured NLP tasks without finetuning},
  author={Geng, Saibo and Josifoski, Martin and Peyrard, Maxime and West, Robert},
  journal={arXiv preprint arXiv:2305.13971},
  year={2023}
}

@inproceedings{cousot1977abstract,
  title={Abstract interpretation: a unified lattice model for static analysis of programs by construction or approximation of fixpoints},
  author={Cousot, Patrick and Cousot, Radhia},
  booktitle={Proceedings of the 4th ACM SIGACT-SIGPLAN symposium on Principles of programming languages},
  pages={238--252},
  year={1977}
}

@article{sen2005cute,
  title={CUTE: A concolic unit testing engine for C},
  author={Sen, Koushik and Marinov, Darko and Agha, Gul},
  journal={ACM SIGSOFT Software Engineering Notes},
  volume={30},
  number={5},
  pages={263--272},
  year={2005},
  publisher={ACM New York, NY, USA}
}

@inproceedings{godefroid2005dart,
  title={DART: Directed automated random testing},
  author={Godefroid, Patrice and Klarlund, Nils and Sen, Koushik},
  booktitle={Proceedings of the 2005 ACM SIGPLAN conference on Programming language design and implementation},
  pages={213--223},
  year={2005}
}

@inproceedings{clarke1997model,
  title={Model checking},
  author={Clarke, Edmund M},
  booktitle={Foundations of Software Technology and Theoretical Computer Science: 17th Conference Kharagpur, India, December 18--20, 1997 Proceedings 17},
  pages={54--56},
  year={1997},
  organization={Springer}
}

@article{cardelli1996type,
  title={Type systems},
  author={Cardelli, Luca},
  journal={ACM Computing Surveys (CSUR)},
  volume={28},
  number={1},
  pages={263--264},
  year={1996},
  publisher={ACM New York, NY, USA}
}

@article{li2025codei,
  title={CodeI/O: Condensing Reasoning Patterns via Code Input-Output Prediction},
  author={Li, Junlong and Guo, Daya and Yang, Dejian and Xu, Runxin and Wu, Yu and He, Junxian},
  journal={arXiv preprint arXiv:2502.07316},
  year={2025}
}

@article{el2025competitive,
  title={Competitive Programming with Large Reasoning Models},
  author={El-Kishky, Ahmed and Wei, Alexander and Saraiva, Andre and Minaev, Borys and Selsam, Daniel and Dohan, David and Song, Francis and Lightman, Hunter and Clavera, Ignasi and Pachocki, Jakub and others},
  journal={arXiv preprint arXiv:2502.06807},
  year={2025}
}

@article{gong2024ast,
  title={AST-T5: Structure-Aware Pretraining for Code Generation and Understanding},
  author={Gong, Linyuan and Elhoushi, Mostafa and Cheung, Alvin},
  journal={arXiv preprint arXiv:2401.03003},
  year={2024}
}

@article{kang2024revisiting,
  title={Revisiting the Impact of Pursuing Modularity for Code Generation},
  author={Kang, Deokyeong and Seo, Ki Jung and Kim, Taeuk},
  journal={arXiv preprint arXiv:2407.11406},
  year={2024}
}

@article{xu2024benchmark,
  title={Benchmark Data Contamination of Large Language Models: A Survey},
  author={Xu, Cheng and Guan, Shuhao and Greene, Derek and Kechadi, M and others},
  journal={arXiv preprint arXiv:2406.04244},
  year={2024}
}

@article{matton2024leakage,
  title={On leakage of code generation evaluation datasets},
  author={Matton, Alexandre and Sherborne, Tom and Aumiller, Dennis and Tommasone, Elena and Alizadeh, Milad and He, Jingyi and Ma, Raymond and Voisin, Maxime and Gilsenan-McMahon, Ellen and Gall{\'e}, Matthias},
  journal={arXiv preprint arXiv:2407.07565},
  year={2024}
}

@article{riddell2024quantifying,
  title={Quantifying contamination in evaluating code generation capabilities of language models},
  author={Riddell, Martin and Ni, Ansong and Cohan, Arman},
  journal={arXiv preprint arXiv:2403.04811},
  year={2024}
}

@article{aleithan2024swe,
  title={Swe-bench+: Enhanced coding benchmark for llms},
  author={Aleithan, Reem and Xue, Haoran and Mohajer, Mohammad Mahdi and Nnorom, Elijah and Uddin, Gias and Wang, Song},
  journal={arXiv preprint arXiv:2410.06992},
  year={2024}
}

@inproceedings{xia2024fuzz4all,
  title={Fuzz4all: Universal fuzzing with large language models},
  author={Xia, Chunqiu Steven and Paltenghi, Matteo and Le Tian, Jia and Pradel, Michael and Zhang, Lingming},
  booktitle={Proceedings of the IEEE/ACM 46th International Conference on Software Engineering},
  pages={1--13},
  year={2024}
}

@article{yang2023kernelgpt,
  title={Kernelgpt: Enhanced kernel fuzzing via large language models},
  author={Yang, Chenyuan and Zhao, Zijie and Zhang, Lingming},
  journal={arXiv preprint arXiv:2401.00563},
  year={2023}
}

@inproceedings{deng2023large,
  title={Large language models are zero-shot fuzzers: Fuzzing deep-learning libraries via large language models},
  author={Deng, Yinlin and Xia, Chunqiu Steven and Peng, Haoran and Yang, Chenyuan and Zhang, Lingming},
  booktitle={Proceedings of the 32nd ACM SIGSOFT international symposium on software testing and analysis},
  pages={423--435},
  year={2023}
}

@article{mathews2024llbezpeky,
  title={Llbezpeky: Leveraging large language models for vulnerability detection},
  author={Mathews, Noble Saji and Brus, Yelizaveta and Aafer, Yousra and Nagappan, Meiyappan and McIntosh, Shane},
  journal={arXiv preprint arXiv:2401.01269},
  year={2024}
}

@article{liu2023harnessing,
  title={Harnessing the power of llm to support binary taint analysis},
  author={Liu, Puzhuo and Sun, Chengnian and Zheng, Yaowen and Feng, Xuan and Qin, Chuan and Wang, Yuncheng and Li, Zhi and Sun, Limin},
  journal={arXiv preprint arXiv:2310.08275},
  year={2023}
}

@article{wang2023boosting,
  title={Boosting Static Resource Leak Detection via LLM-based Resource-Oriented Intention Inference},
  author={Wang, Chong and Liu, Jianan and Peng, Xin and Liu, Yang and Lou, Yiling},
  journal={arXiv preprint arXiv:2311.04448},
  year={2023}
}

@article{li2024llm,
  title={LLM-Assisted Static Analysis for Detecting Security Vulnerabilities},
  author={Li, Ziyang and Dutta, Saikat and Naik, Mayur},
  journal={arXiv preprint arXiv:2405.17238},
  year={2024}
}

@article{asare2023github,
  title={Is github’s copilot as bad as humans at introducing vulnerabilities in code?},
  author={Asare, Owura and Nagappan, Meiyappan and Asokan, N},
  journal={Empirical Software Engineering},
  volume={28},
  number={6},
  pages={129},
  year={2023},
  publisher={Springer}
}

@article{fu2023security,
  title={Security weaknesses of copilot generated code in github},
  author={Fu, Yujia and Liang, Peng and Tahir, Amjed and Li, Zengyang and Shahin, Mojtaba and Yu, Jiaxin and Chen, Jinfu},
  journal={arXiv preprint arXiv:2310.02059},
  year={2023}
}

@article{chervonyi2025gold,
  title={Gold-medalist Performance in Solving Olympiad Geometry with AlphaGeometry2},
  author={Chervonyi, Yuri and Trinh, Trieu H and Ol{\v{s}}{\'a}k, Miroslav and Yang, Xiaomeng and Nguyen, Hoang and Menegali, Marcelo and Jung, Junehyuk and Verma, Vikas and Le, Quoc V and Luong, Thang},
  journal={arXiv preprint arXiv:2502.03544},
  year={2025}
}

@misc{vijayvargiya2025interactiveagentsovercomeambiguity,
      title={Interactive Agents to Overcome Ambiguity in Software Engineering}, 
      author={Sanidhya Vijayvargiya and Xuhui Zhou and Akhila Yerukola and Maarten Sap and Graham Neubig},
      year={2025},
      eprint={2502.13069},
      archivePrefix={arXiv},
      primaryClass={cs.AI},
      url={https://arxiv.org/abs/2502.13069}, 
}


@article{alphadev,
  title={Faster sorting algorithms discovered using deep reinforcement learning},
  author={Mankowitz, Daniel J and Michi, Andrea and Zhernov, Anton and Gelmi, Marco and Selvi, Marco and Paduraru, Cosmin and Leurent, Edouard and Iqbal, Shariq and Lespiau, Jean-Baptiste and Ahern, Alex and others},
  journal={Nature},
  volume={618},
  number={7964},
  pages={257--263},
  year={2023},
  publisher={Nature Publishing Group UK London}
}

@article{llmcompiler,
  title={Meta large language model compiler: Foundation models of compiler optimization},
  author={Cummins, Chris and Seeker, Volker and Grubisic, Dejan and Roziere, Baptiste and Gehring, Jonas and Synnaeve, Gabriel and Leather, Hugh},
  journal={arXiv preprint arXiv:2407.02524},
  year={2024}
}

@article{pie,
  title={Learning performance-improving code edits},
  author={Shypula, Alexander and Madaan, Aman and Zeng, Yimeng and Alon, Uri and Gardner, Jacob and Hashemi, Milad and Neubig, Graham and Ranganathan, Parthasarathy and Bastani, Osbert and Yazdanbakhsh, Amir},
  journal={arXiv preprint arXiv:2302.07867},
  year={2023}
}


@article{chromium10years,
    title={10 years of Speed in Chrome},
    author={Chromium},
    journal={Chromium Blog},
    url={https://blog.chromium.org/2018/09/10-years-of-speed-in-chrome_11.html},
    year={2018},
}

@article{shetty2024syzygy,
  title={Syzygy: Dual Code-Test C to (safe) Rust Translation using LLMs and Dynamic Analysis},
  author={Shetty, Manish and Jain, Naman and Godbole, Adwait and Seshia, Sanjit A and Sen, Koushik},
  journal={arXiv preprint arXiv:2412.14234},
  year={2024}
}

@article{nitin2025c2saferrust,
  title={C2SaferRust: Transforming C Projects into Safer Rust with NeuroSymbolic Techniques},
  author={Nitin, Vikram and Krishna, Rahul and Valle, Luiz Lemos do and Ray, Baishakhi},
  journal={arXiv preprint arXiv:2501.14257},
  year={2025}
}

@article{alphatrans,
  title={Repository-level compositional code translation and validation},
  author={Ibrahimzada, Ali Reza and Ke, Kaiyao and Pawagi, Mrigank and Abid, Muhammad Salman and Pan, Rangeet and Sinha, Saurabh and Jabbarvand, Reyhaneh},
  journal={arXiv preprint arXiv:2410.24117},
  year={2024}
}

@article{treude2025developers,
  title={How Developers Interact with AI: A Taxonomy of Human-AI Collaboration in Software Engineering},
  author={Treude, Christoph and Gerosa, Marco A},
  journal={arXiv preprint arXiv:2501.08774},
  year={2025}
}

@article{kharma2025security,
  title={Security and Quality in LLM-Generated Code: A Multi-Language, Multi-Model Analysis},
  author={Kharma, Mohammed and Choi, Soohyeon and AlKhanafseh, Mohammed and Mohaisen, David},
  journal={arXiv preprint arXiv:2502.01853},
  year={2025}
}

@article{pu2020program,
  title={Program synthesis with pragmatic communication},
  author={Pu, Yewen and Ellis, Kevin and Kryven, Marta and Tenenbaum, Josh and Solar-Lezama, Armando},
  journal={Advances in neural information processing systems},
  volume={33},
  pages={13249--13259},
  year={2020}
}

@article{vikram2023can,
  title={Can large language models write good property-based tests?},
  author={Vikram, Vasudev and Lemieux, Caroline and Sunshine, Joshua and Padhye, Rohan},
  journal={arXiv preprint arXiv:2307.04346},
  year={2023}
}

@article{ryan2024code,
  title={Code-aware prompting: A study of coverage-guided test generation in regression setting using llm},
  author={Ryan, Gabriel and Jain, Siddhartha and Shang, Mingyue and Wang, Shiqi and Ma, Xiaofei and Ramanathan, Murali Krishna and Ray, Baishakhi},
  journal={Proceedings of the ACM on Software Engineering},
  volume={1},
  number={FSE},
  pages={951--971},
  year={2024},
  publisher={ACM New York, NY, USA}
}

@inproceedings{lemieux2023codamosa,
  title={Codamosa: Escaping coverage plateaus in test generation with pre-trained large language models},
  author={Lemieux, Caroline and Inala, Jeevana Priya and Lahiri, Shuvendu K and Sen, Siddhartha},
  booktitle={2023 IEEE/ACM 45th International Conference on Software Engineering (ICSE)},
  pages={919--931},
  year={2023},
  organization={IEEE}
}

@article{wan2024cyberseceval,
  title={Cyberseceval 3: Advancing the evaluation of cybersecurity risks and capabilities in large language models},
  author={Wan, Shengye and Nikolaidis, Cyrus and Song, Daniel and Molnar, David and Crnkovich, James and Grace, Jayson and Bhatt, Manish and Chennabasappa, Sahana and Whitman, Spencer and Ding, Stephanie and others},
  journal={arXiv preprint arXiv:2408.01605},
  year={2024}
}

@misc{bhatt2023purplellamacybersecevalsecure,
      title={Purple Llama CyberSecEval: A Secure Coding Benchmark for Language Models}, 
      author={Manish Bhatt and Sahana Chennabasappa and Cyrus Nikolaidis and Shengye Wan and Ivan Evtimov and Dominik Gabi and Daniel Song and Faizan Ahmad and Cornelius Aschermann and Lorenzo Fontana and Sasha Frolov and Ravi Prakash Giri and Dhaval Kapil and Yiannis Kozyrakis and David LeBlanc and James Milazzo and Aleksandar Straumann and Gabriel Synnaeve and Varun Vontimitta and Spencer Whitman and Joshua Saxe},
      year={2023},
      eprint={2312.04724},
      archivePrefix={arXiv},
      primaryClass={cs.CR},
      url={https://arxiv.org/abs/2312.04724}, 
}

@article{ni2024next,
  title={Next: Teaching large language models to reason about code execution},
  author={Ni, Ansong and Allamanis, Miltiadis and Cohan, Arman and Deng, Yinlin and Shi, Kensen and Sutton, Charles and Yin, Pengcheng},
  journal={arXiv preprint arXiv:2404.14662},
  year={2024}
}

@misc{yang2024acecode,
      title={ACECode: A Reinforcement Learning Framework for Aligning Code Efficiency and Correctness in Code Language Models}, 
      author={Chengran Yang and Hong Jin Kang and Jieke Shi and David Lo},
      year={2024},
      eprint={2412.17264},
      archivePrefix={arXiv},
      primaryClass={cs.SE},
      url={https://arxiv.org/abs/2412.17264}, 
}

@inproceedings{10.1145/3551349.3560438,
author = {Al Madi, Naser},
title = {How Readable is Model-generated Code? Examining Readability and Visual Inspection of GitHub Copilot},
year = {2023},
isbn = {9781450394758},
publisher = {Association for Computing Machinery},
address = {New York, NY, USA},
url = {https://doi.org/10.1145/3551349.3560438},
doi = {10.1145/3551349.3560438},
booktitle = {Proceedings of the 37th IEEE/ACM International Conference on Automated Software Engineering},
articleno = {205},
numpages = {5},
keywords = {Readability, GitHub, Eye Tracking, Empirical Study, Copilot},
location = {Rochester, MI, USA},
series = {ASE '22}
}

@article{tinga2022human,
  title={Human machine interface design for continuous support of mode awareness during automated driving: An online simulation},
  author={Tinga, Angelica M and Cleij, Diane and Jansen, Reinier J and van der Kint, Sander and van Nes, Nicole},
  journal={Transportation research part F: traffic psychology and behaviour},
  volume={87},
  pages={102--119},
  year={2022},
  publisher={Elsevier}
}

@article{benderius2017best,
  title={The best rated human--machine interface design for autonomous vehicles in the 2016 grand cooperative driving challenge},
  author={Benderius, Ola and Berger, Christian and Lundgren, Victor Malmsten},
  journal={IEEE Transactions on intelligent transportation systems},
  volume={19},
  number={4},
  pages={1302--1307},
  year={2017},
  publisher={IEEE}
}

@inproceedings{szegedy2020promising,
  title={A promising path towards autoformalization and general artificial intelligence},
  author={Szegedy, Christian},
  booktitle={Intelligent Computer Mathematics: 13th International Conference, CICM 2020, Bertinoro, Italy, July 26--31, 2020, Proceedings 13},
  pages={3--20},
  year={2020},
  organization={Springer}
}

@article{shao2024collaborative,
  title={Collaborative Gym: A Framework for Enabling and Evaluating Human-Agent Collaboration},
  author={Shao, Yijia and Samuel, Vinay and Jiang, Yucheng and Yang, John and Yang, Diyi},
  journal={arXiv preprint arXiv:2412.15701},
  year={2024}
}

@article{jiang2024into,
  title={Into the unknown unknowns: Engaged human learning through participation in language model agent conversations},
  author={Jiang, Yucheng and Shao, Yijia and Ma, Dekun and Semnani, Sina J and Lam, Monica S},
  journal={arXiv preprint arXiv:2408.15232},
  year={2024}
}

@inproceedings{10.1145/3627217.3627238,
author = {Singhal, Shreya and Kumar, Viraj},
title = {Creating Thorough Tests for AI-Generated Code is Hard},
year = {2023},
isbn = {9798400708404},
publisher = {Association for Computing Machinery},
address = {New York, NY, USA},
url = {https://doi.org/10.1145/3627217.3627238},
doi = {10.1145/3627217.3627238},
booktitle = {Proceedings of the 16th Annual ACM India Compute Conference},
pages = {108–111},
numpages = {4},
location = {Hyderabad, India},
series = {COMPUTE '23}
}

@article{hu2024leveraging,
  title={Leveraging print debugging to improve code generation in large language models},
  author={Hu, Xueyu and Kuang, Kun and Sun, Jiankai and Yang, Hongxia and Wu, Fei},
  journal={arXiv preprint arXiv:2401.05319},
  year={2024}
}

@article{zhong2024debug,
  title={Debug like a human: A large language model debugger via verifying runtime execution step-by-step},
  author={Zhong, Li and Wang, Zilong and Shang, Jingbo},
  journal={arXiv preprint arXiv:2402.16906},
  year={2024}
}

@article{tian2024debugbench,
  title={Debugbench: Evaluating debugging capability of large language models},
  author={Tian, Runchu and Ye, Yining and Qin, Yujia and Cong, Xin and Lin, Yankai and Pan, Yinxu and Wu, Yesai and Hui, Haotian and Liu, Weichuan and Liu, Zhiyuan and others},
  journal={arXiv preprint arXiv:2401.04621},
  year={2024}
}


@inproceedings{gupta2017deepfix,
  title={Deepfix: Fixing common c language errors by deep learning},
  author={Gupta, Rahul and Pal, Soham and Kanade, Aditya and Shevade, Shirish},
  booktitle={Proceedings of the aaai conference on artificial intelligence},
  volume={31},
  number={1},
  year={2017}
}

@article{jin2023inferfix,
  title={Inferfix: End-to-end program repair with llms},
  author={Jin, Matthew and Shahriar, Syed and Tufano, Michele and Shi, Xin and Lu, Shuai and Sundaresan, Neel and Svyatkovskiy, Alexey},
  journal={arXiv preprint arXiv:2303.07263},
  year={2023}
}

@article{haque2022fixeval,
  title={Fixeval: Execution-based evaluation of program fixes for competitive programming problems},
  author={Haque, Md Mahim Anjum and Ahmad, Wasi Uddin and Lourentzou, Ismini and Brown, Chris},
  year={2022}
}

@article{tufano2019empirical,
  title={An empirical study on learning bug-fixing patches in the wild via neural machine translation},
  author={Tufano, Michele and Watson, Cody and Bavota, Gabriele and Penta, Massimiliano Di and White, Martin and Poshyvanyk, Denys},
  journal={ACM Transactions on Software Engineering and Methodology (TOSEM)},
  volume={28},
  number={4},
  pages={1--29},
  year={2019},
  publisher={ACM New York, NY, USA}
}

@article{xia2022practical,
  title={Practical program repair in the era of large pre-trained language models},
  author={Xia, Chunqiu Steven and Wei, Yuxiang and Zhang, Lingming},
  journal={arXiv preprint arXiv:2210.14179},
  year={2022}
}

@article{jiang2023impact,
  title={Impact of code language models on automated program repair},
  author={Jiang, Nan and Liu, Kevin and Lutellier, Thibaud and Tan, Lin},
  journal={arXiv preprint arXiv:2302.05020},
  year={2023}
}

@inproceedings{berabi2021tfix,
  title={Tfix: Learning to fix coding errors with a text-to-text transformer},
  author={Berabi, Berkay and He, Jingxuan and Raychev, Veselin and Vechev, Martin},
  booktitle={International Conference on Machine Learning},
  pages={780--791},
  year={2021},
  organization={PMLR}
}


@article{liu2024mdeval,
  title={Mdeval: Massively multilingual code debugging},
  author={Liu, Shukai and Chai, Linzheng and Yang, Jian and Shi, Jiajun and Zhu, He and Wang, Liran and Jin, Ke and Zhang, Wei and Zhu, Hualei and Guo, Shuyue and others},
  journal={arXiv preprint arXiv:2411.02310},
  year={2024}
}

@article{lee2024unified,
  title={A unified debugging approach via llm-based multi-agent synergy},
  author={Lee, Cheryl and Xia, Chunqiu Steven and Yang, Longji and Huang, Jen-tse and Zhu, Zhouruixin and Zhang, Lingming and Lyu, Michael R},
  journal={arXiv preprint arXiv:2404.17153},
  year={2024}
}

@inproceedings{tomassi2019bugswarm,
  title={Bugswarm: Mining and continuously growing a dataset of reproducible failures and fixes},
  author={Tomassi, David A and Dmeiri, Naji and Wang, Yichen and Bhowmick, Antara and Liu, Yen-Chuan and Devanbu, Premkumar T and Vasilescu, Bogdan and Rubio-Gonz{\'a}lez, Cindy},
  booktitle={2019 IEEE/ACM 41st International Conference on Software Engineering (ICSE)},
  pages={339--349},
  year={2019},
  organization={IEEE}
}

@inproceedings{tan2018repairing,
  title={Repairing crashes in android apps},
  author={Tan, Shin Hwei and Dong, Zhen and Gao, Xiang and Roychoudhury, Abhik},
  booktitle={Proceedings of the 40th International Conference on Software Engineering},
  pages={187--198},
  year={2018}
}

@inproceedings{just2014defects4j,
  title={Defects4J: A database of existing faults to enable controlled testing studies for Java programs},
  author={Just, Ren{\'e} and Jalali, Darioush and Ernst, Michael D},
  booktitle={Proceedings of the 2014 international symposium on software testing and analysis},
  pages={437--440},
  year={2014}
}

@inproceedings{gitbugjava,
  title={Gitbug-java: A reproducible benchmark of recent java bugs},
  author={Silva, Andr{\'e} and Saavedra, Nuno and Monperrus, Martin},
  booktitle={Proceedings of the 21st International Conference on Mining Software Repositories},
  pages={118--122},
  year={2024}
}

@INPROCEEDINGS {GrowingBugsICSE21, author = {Yanjie Jiang and Hui Liu and Nan Niu and Lu Zhang and Yamin Hu}, booktitle = {IEEE/ACM 43rd International Conference on Software Engineering (ICSE 2021)}, title = {Extracting Concise Bug-Fixing Patches from Human-Written Patches in Version Control Systems}, year = {2021}, pages = {686-698}, doi = {10.1109/ICSE43902.2021.00069}, url = {https://doi.ieeecomputersociety.org/10.1109/ICSE43902.2021.00069}, publisher = {IEEE Computer Society}, address = {Los Alamitos, CA, USA}, month = {may} }

@ARTICLE{GrowingBugsTSE2022,   author={Jiang, Yanjie and Liu, Hui and Luo, Xiaoqing and Zhu, Zhihao and Chi, Xiaye and Niu, Nan and Zhang, Yuxia and Hu, Yamin and Bian, Pan and Zhang, Lu},   journal={IEEE Transactions on Software Engineering},    title={BugBuilder: An Automated Approach to Building Bug Repository},    year={2022},   volume={},   number={},   pages={1-22},   doi={10.1109/TSE.2022.3177713}}

@inproceedings{NaturalnessOfBugsFSE2022, author = {Jiang, Yanjie and Liu, Hui and Zhang, Yuxia and Ji, Weixing and Zhong, Hao and Zhang, Lu}, title = {Do Bugs Lead to Unnaturalness of Source Code?}, year = {2022}, isbn = {9781450394130}, publisher = {Association for Computing Machinery}, address = {New York, NY, USA}, url = {https://doi.org/10.1145/3540250.3549149}, doi = {10.1145/3540250.3549149}, booktitle = {Proceedings of the 30th ACM Joint European Software Engineering Conference and Symposium on the Foundations of Software Engineering}, pages = {1085–1096}, numpages = {12}, keywords = {Naturalness, Source Code, Bug Fixing, Bugs, Code Entropy}, location = {Singapore, Singapore}, series = {ESEC/FSE 2022} }

@inproceedings{widyasari2020bugsinpy,
  title={Bugsinpy: a database of existing bugs in python programs to enable controlled testing and debugging studies},
  author={Widyasari, Ratnadira and Sim, Sheng Qin and Lok, Camellia and Qi, Haodi and Phan, Jack and Tay, Qijin and Tan, Constance and Wee, Fiona and Tan, Jodie Ethelda and Yieh, Yuheng and others},
  booktitle={Proceedings of the 28th ACM joint meeting on european software engineering conference and symposium on the foundations of software engineering},
  pages={1556--1560},
  year={2020}
}

@inproceedings{tan2017codeflaws,
  title={Codeflaws: a programming competition benchmark for evaluating automated program repair tools},
  author={Tan, Shin Hwei and Yi, Jooyong and Mechtaev, Sergey and Roychoudhury, Abhik and others},
  booktitle={2017 IEEE/ACM 39th International Conference on Software Engineering Companion (ICSE-C)},
  pages={180--182},
  year={2017},
  organization={IEEE}
}

@inproceedings{zhang2024autocoderover,
  title={Autocoderover: Autonomous program improvement},
  author={Zhang, Yuntong and Ruan, Haifeng and Fan, Zhiyu and Roychoudhury, Abhik},
  booktitle={Proceedings of the 33rd ACM SIGSOFT International Symposium on Software Testing and Analysis},
  pages={1592--1604},
  year={2024}
}

@article{xia2024agentless,
  title={Agentless: Demystifying llm-based software engineering agents},
  author={Xia, Chunqiu Steven and Deng, Yinlin and Dunn, Soren and Zhang, Lingming},
  journal={arXiv preprint arXiv:2407.01489},
  year={2024}
}

@article{bouzenia2024repairagent,
  title={Repairagent: An autonomous, llm-based agent for program repair},
  author={Bouzenia, Islem and Devanbu, Premkumar and Pradel, Michael},
  journal={arXiv preprint arXiv:2403.17134},
  year={2024}
}

@article{tang2025code,
  title={Code repair with llms gives an exploration-exploitation tradeoff},
  author={Tang, Hao and Hu, Keya and Zhou, Jin and Zhong, Si Cheng and Zheng, Wei-Long and Si, Xujie and Ellis, Kevin},
  journal={Advances in Neural Information Processing Systems},
  volume={37},
  pages={117954--117996},
  year={2025}
}

@article{foster2025mutation,
  title={Mutation-Guided LLM-based Test Generation at Meta},
  author={Foster, Christopher and Gulati, Abhishek and Harman, Mark and Harper, Inna and Mao, Ke and Ritchey, Jillian and Robert, Herv{\'e} and Sengupta, Shubho},
  journal={arXiv preprint arXiv:2501.12862},
  year={2025}
}

@misc{lambert2025tulu3pushingfrontiers,
      title={Tulu 3: Pushing Frontiers in Open Language Model Post-Training}, 
      author={Nathan Lambert and Jacob Morrison and Valentina Pyatkin and Shengyi Huang and Hamish Ivison and Faeze Brahman and Lester James V. Miranda and Alisa Liu and Nouha Dziri and Shane Lyu and Yuling Gu and Saumya Malik and Victoria Graf and Jena D. Hwang and Jiangjiang Yang and Ronan Le Bras and Oyvind Tafjord and Chris Wilhelm and Luca Soldaini and Noah A. Smith and Yizhong Wang and Pradeep Dasigi and Hannaneh Hajishirzi},
      year={2025},
      eprint={2411.15124},
      archivePrefix={arXiv},
      primaryClass={cs.CL},
      url={https://arxiv.org/abs/2411.15124}, 
}

@article{zhang2024systematic,
  title={A systematic literature review on large language models for automated program repair},
  author={Zhang, Quanjun and Fang, Chunrong and Xie, Yang and Ma, YuXiang and Sun, Weisong and Yang, Yun and Chen, Zhenyu},
  journal={arXiv preprint arXiv:2405.01466},
  year={2024}
}

@article{guo2025syncmind,
  title={SyncMind: Measuring Agent Out-of-Sync Recovery in Collaborative Software Engineering},
  author={Guo, Xuehang and Wang, Xingyao and Chen, Yangyi and Li, Sha and Han, Chi and Li, Manling and Ji, Heng},
  journal={arXiv preprint arXiv:2502.06994},
  year={2025}
}

@article{team2025kimi,
  title={Kimi k1. 5: Scaling reinforcement learning with llms},
  author={Team, Kimi and Du, Angang and Gao, Bofei and Xing, Bowei and Jiang, Changjiu and Chen, Cheng and Li, Cheng and Xiao, Chenjun and Du, Chenzhuang and Liao, Chonghua and others},
  journal={arXiv preprint arXiv:2501.12599},
  year={2025}
}

@inproceedings{lian2024large,
  title={Large Language Models as Configuration Validators},
  author={Lian, Xinyu and Chen, Yinfang and Cheng, Runxiang and Huang, Jie and Thakkar, Parth and Zhang, Minjia and Xu, Tianyin},
  booktitle={2025 IEEE/ACM 47th International Conference on Software Engineering (ICSE)},
  pages={204--216},
  year={2024},
  organization={IEEE Computer Society}
}

@inproceedings{papineni2002bleu,
  title={Bleu: a method for automatic evaluation of machine translation},
  author={Papineni, Kishore and Roukos, Salim and Ward, Todd and Zhu, Wei-Jing},
  booktitle={Proceedings of the 40th annual meeting of the Association for Computational Linguistics},
  pages={311--318},
  year={2002}
}

@article{zhang2019bertscore,
  title={Bertscore: Evaluating text generation with bert},
  author={Zhang, Tianyi and Kishore, Varsha and Wu, Felix and Weinberger, Kilian Q and Artzi, Yoav},
  journal={arXiv preprint arXiv:1904.09675},
  year={2019}
}

@article{li2021prefix,
  title={Prefix-tuning: Optimizing continuous prompts for generation},
  author={Li, Xiang Lisa and Liang, Percy},
  journal={arXiv preprint arXiv:2101.00190},
  year={2021}
}

@article{lester2021power,
  title={The power of scale for parameter-efficient prompt tuning},
  author={Lester, Brian and Al-Rfou, Rami and Constant, Noah},
  journal={arXiv preprint arXiv:2104.08691},
  year={2021}
}

@article{nye2020representing,
  title={Representing partial programs with blended abstract semantics},
  author={Nye, Maxwell and Pu, Yewen and Bowers, Matthew and Andreas, Jacob and Tenenbaum, Joshua B and Solar-Lezama, Armando},
  journal={arXiv preprint arXiv:2012.12964},
  year={2020}
}

@article{chen2021latent,
  title={Latent execution for neural program synthesis beyond domain-specific languages},
  author={Chen, Xinyun and Song, Dawn and Tian, Yuandong},
  journal={Advances in Neural Information Processing Systems},
  volume={34},
  pages={22196--22208},
  year={2021}
}

@article{ellis2019write,
  title={Write, execute, assess: Program synthesis with a repl},
  author={Ellis, Kevin and Nye, Maxwell and Pu, Yewen and Sosa, Felix and Tenenbaum, Josh and Solar-Lezama, Armando},
  journal={Advances in Neural Information Processing Systems},
  volume={32},
  year={2019}
}

@article{zohar2018automatic,
  title={Automatic program synthesis of long programs with a learned garbage collector},
  author={Zohar, Amit and Wolf, Lior},
  journal={Advances in neural information processing systems},
  volume={31},
  year={2018}
}

@inproceedings{borgeaud2022improving,
  title={Improving language models by retrieving from trillions of tokens},
  author={Borgeaud, Sebastian and Mensch, Arthur and Hoffmann, Jordan and Cai, Trevor and Rutherford, Eliza and Millican, Katie and Van Den Driessche, George Bm and Lespiau, Jean-Baptiste and Damoc, Bogdan and Clark, Aidan and others},
  booktitle={International conference on machine learning},
  pages={2206--2240},
  year={2022},
  organization={PMLR}
}

@article{izacard2023atlas,
  title={Atlas: Few-shot learning with retrieval augmented language models},
  author={Izacard, Gautier and Lewis, Patrick and Lomeli, Maria and Hosseini, Lucas and Petroni, Fabio and Schick, Timo and Dwivedi-Yu, Jane and Joulin, Armand and Riedel, Sebastian and Grave, Edouard},
  journal={Journal of Machine Learning Research},
  volume={24},
  number={251},
  pages={1--43},
  year={2023}
}

@article{izacard2020leveraging,
  title={Leveraging passage retrieval with generative models for open domain question answering},
  author={Izacard, Gautier and Grave, Edouard},
  journal={arXiv preprint arXiv:2007.01282},
  year={2020}
}

@article{shi2023replug,
  title={Replug: Retrieval-augmented black-box language models},
  author={Shi, Weijia and Min, Sewon and Yasunaga, Michihiro and Seo, Minjoon and James, Rich and Lewis, Mike and Zettlemoyer, Luke and Yih, Wen-tau},
  journal={arXiv preprint arXiv:2301.12652},
  year={2023}
}


@misc{deepep2025,
      title={DeepEP: an efficient expert-parallel communication library},
      author={Chenggang Zhao and Shangyan Zhou and Liyue Zhang and Chengqi Deng and Zhean Xu and Yuxuan Liu and Kuai Yu and Jiashi Li and Liang Zhao},
      year={2025},
      publisher = {GitHub},
      howpublished = {\url{https://github.com/deepseek-ai/DeepEP}},
}

@article{miller1990empirical, title={An empirical study of the reliability of UNIX utilities}, author={Miller, Barton P and Fredriksen, Lars and So, Bryan}, journal={Communications of the ACM}, volume={33}, number={12}, pages={32--44}, year={1990}, publisher={ACM}}

@misc{concurrencylucene,
      title={Concurrency bugs in Lucene: How to fix optimistic concurrency failures},
      author={Benjamin Trent and Ao Li},
      year={2025},
      publisher = {Elastic},
      howpublished = {\url{https://www.elastic.co/search-labs/blog/optimistic-concurrency-lucene-debugging}},
}

@misc{ossfuzzllm,
      title={AI-Powered Fuzzing: Breaking the Bug Hunting Barrier},
      author={Dongge Liu and Jonathan Metzman and Oliver Chang and Google Open Source Security Team },
      year={2023},
      publisher = {Google},
      howpublished = {\url{https://security.googleblog.com/2023/08/ai-powered-fuzzing-breaking-bug-hunting.html}},
}

@misc{ossfuzzllm-results,
      title={Leveling Up Fuzzing: Finding more vulnerabilities with AI},
      author={Oliver Chang and Dongge Liu and Jonathan Metzman and Google Open Source Security Team},
      year={2024},
      publisher = {Google},
      howpublished = {\url{https://security.googleblog.com/2024/11/leveling-up-fuzzing-finding-more.html}},
}

@software{liu2024ossfuzzgen,author = {Liu, Dongge and Chang, Oliver and metzman, Jonathan and Sablotny, Martin and Maruseac, Mihai},license = {Apache-2.0},month = may,title = {{OSS-Fuzz-Gen: Automated Fuzz Target Generation}},url = {https://github.com/google/oss-fuzz-gen},version = {https://github.com/google/oss-fuzz-gen/tree/v1.0},year = {2024}}


@misc{project-zero,
      title={0day "In the Wild"},
      author={Ben Hawkes},
      year={2019},
      publisher = {Google},
      howpublished = {\url{https://googleprojectzero.blogspot.com/p/0day.html}},
}

@misc{scalamigrate,
      title={Scala 3 Migration: Report from the Field},
      author={Pierre Ricadat},
      year={2025},
      publisher = {Pierre Ricadat},
      howpublished = {\url{https://blog.pierre-ricadat.com/scala-3-migration-report-from-the-field}},
}


@article{nikolov2025google,
  title={How is Google using AI for internal code migrations?},
  author={Nikolov, Stoyan and Codecasa, Daniele and Sjovall, Anna and Tabachnyk, Maxim and Chandra, Satish and Taneja, Siddharth and Ziftci, Celal},
  journal={arXiv preprint arXiv:2501.06972},
  year={2025}
}


@article{wei2023typet5,
  title={Typet5: Seq2seq type inference using static analysis},
  author={Wei, Jiayi and Durrett, Greg and Dillig, Isil},
  journal={arXiv preprint arXiv:2303.09564},
  year={2023}
}

@inproceedings{peng2023generative,
  title={Generative type inference for python},
  author={Peng, Yun and Wang, Chaozheng and Wang, Wenxuan and Gao, Cuiyun and Lyu, Michael R},
  booktitle={2023 38th IEEE/ACM International Conference on Automated Software Engineering (ASE)},
  pages={988--999},
  year={2023},
  organization={IEEE}
}

@article{wang2024tiger,
  title={Tiger: A generating-then-ranking framework for practical python type inference},
  author={Wang, Chong and Zhang, Jian and Lou, Yiling and Liu, Mingwei and Sun, Weisong and Liu, Yang and Peng, Xin},
  journal={arXiv preprint arXiv:2407.02095},
  year={2024}
}

@inproceedings{zheng2024dynamic,
  title={Dynamic Inference of Likely Symbolic Tensor Shapes in Python Machine Learning Programs},
  author={Zheng, Dan and Sen, Koushik},
  booktitle={Proceedings of the 46th International Conference on Software Engineering: Software Engineering in Practice},
  pages={147--156},
  year={2024}
}

@inproceedings{hangal2002tracking,
  title={Tracking down software bugs using automatic anomaly detection},
  author={Hangal, Sudheendra and Lam, Monica S},
  booktitle={Proceedings of the 24th international conference on Software engineering},
  pages={291--301},
  year={2002}
}

@article{padon2016decidability,
  title={Decidability of inferring inductive invariants},
  author={Padon, Oded and Immerman, Neil and Shoham, Sharon and Karbyshev, Aleksandr and Sagiv, Mooly},
  journal={ACM SIGPLAN Notices},
  volume={51},
  number={1},
  pages={217--231},
  year={2016},
  publisher={ACM New York, NY, USA}
}


@inproceedings{omidvar2024evaluating,
  title={Evaluating Human-AI Partnership for LLM-based Code Migration},
  author={Omidvar Tehrani, Behrooz and Anubhai, Anmol},
  booktitle={Extended Abstracts of the CHI Conference on Human Factors in Computing Systems},
  pages={1--8},
  year={2024}
}

@article{sellink2002restructuring,
  title={Restructuring of COBOL/CICS legacy systems},
  author={Sellink, Alex and Sneed, Harry and Verhoef, Chris},
  journal={Science of Computer Programming},
  volume={45},
  number={2-3},
  pages={193--243},
  year={2002},
  publisher={Elsevier}
}

@inproceedings{sneed2001extracting,
  title={Extracting business logic from existing COBOL programs as a basis for redevelopment},
  author={Sneed, Harry M},
  booktitle={Proceedings 9th International Workshop on Program Comprehension. IWPC 2001},
  pages={167--175},
  year={2001},
  organization={IEEE}
}

@inproceedings{sneed2010migrating,
  title={Migrating from COBOL to Java},
  author={Sneed, Harry M},
  booktitle={2010 IEEE International Conference on Software Maintenance},
  pages={1--7},
  year={2010},
  organization={IEEE}
}

@misc{Taulli_2020, title={COBOL LANGUAGE: Call it a comeback?}, url={https://www.forbes.com/sites/tomtaulli/2020/07/13/cobol-language-call-it-a-comeback/}, journal={Forbes}, publisher={Forbes Magazine}, author={Taulli, Tom}, year={2020}, month={Jul}} 

@misc{wei2025swerladvancingllmreasoning,
      title={SWE-RL: Advancing LLM Reasoning via Reinforcement Learning on Open Software Evolution}, 
      author={Yuxiang Wei and Olivier Duchenne and Jade Copet and Quentin Carbonneaux and Lingming Zhang and Daniel Fried and Gabriel Synnaeve and Rishabh Singh and Sida I. Wang},
      year={2025},
      eprint={2502.18449},
      archivePrefix={arXiv},
      primaryClass={cs.SE},
      url={https://arxiv.org/abs/2502.18449}, 
}

@article{maertens2022dolos,
  title={Dolos: Language-agnostic plagiarism detection in source code},
  author={Maertens, Rien and Van Petegem, Charlotte and Strijbol, Niko and Baeyens, Toon and Jacobs, Arne Carla and Dawyndt, Peter and Mesuere, Bart},
  journal={Journal of Computer Assisted Learning},
  volume={38},
  number={4},
  pages={1046--1061},
  year={2022},
  publisher={Wiley Online Library}
}

@article{mundler2025swt,
  title={SWT-bench: Testing and validating real-world bug-fixes with code agents},
  author={M{\"u}ndler, Niels and M{\"u}ller, Mark and He, Jingxuan and Vechev, Martin},
  journal={Advances in Neural Information Processing Systems},
  volume={37},
  pages={81857--81887},
  year={2025}
}

@inproceedings{gautam2024refactorbench,
  title={RefactorBench: Evaluating Stateful Reasoning In Language Agents Through Code},
  author={Gautam, Dhruv and Garg, Spandan and Jang, Jinu and Sundaresan, Neel and Moghaddam, Roshanak Zilouchian},
  booktitle={NeurIPS 2024 Workshop on Open-World Agents},
  year={2024},
}

@article{yang2024swe,
  title={SWE-bench Multimodal: Do AI Systems Generalize to Visual Software Domains?},
  author={Yang, John and Jimenez, Carlos E and Zhang, Alex L and Lieret, Kilian and Yang, Joyce and Wu, Xindi and Press, Ori and Muennighoff, Niklas and Synnaeve, Gabriel and Narasimhan, Karthik R and others},
  journal={arXiv preprint arXiv:2410.03859},
  year={2024}
}

@article{zhou2022docprompting,
  title={Docprompting: Generating code by retrieving the docs},
  author={Zhou, Shuyan and Alon, Uri and Xu, Frank F and Wang, Zhiruo and Jiang, Zhengbao and Neubig, Graham},
  journal={arXiv preprint arXiv: 2207.05987},
  year={2022}
}

@article{ma2025sorft,
  title={SoRFT: Issue Resolving with Subtask-oriented Reinforced Fine-Tuning},
  author={Ma, Zexiong and Peng, Chao and Gao, Pengfei and Meng, Xiangxin and Zou, Yanzhen and Xie, Bing},
  journal={arXiv preprint arXiv:2502.20127},
  year={2025}
}

@article{gulwani2017program,
  title={Program synthesis},
  author={Gulwani, Sumit and Polozov, Oleksandr and Singh, Rishabh and others},
  journal={Foundations and Trends{\textregistered} in Programming Languages},
  volume={4},
  number={1-2},
  pages={1--119},
  year={2017},
  publisher={Now Publishers, Inc.}
}

@article{li2024survey,
  title={A survey on deep learning for theorem proving},
  author={Li, Zhaoyu and Sun, Jialiang and Murphy, Logan and Su, Qidong and Li, Zenan and Zhang, Xian and Yang, Kaiyu and Si, Xujie},
  journal={arXiv preprint arXiv:2404.09939},
  year={2024}
}

@article{sun2025bitsai,
  title={BitsAI-CR: Automated Code Review via LLM in Practice},
  author={Sun, Tao and Xu, Jian and Li, Yuanpeng and Yan, Zhao and Zhang, Ge and Xie, Lintao and Geng, Lu and Wang, Zheng and Chen, Yueyan and Lin, Qin and others},
  journal={arXiv preprint arXiv:2501.15134},
  year={2025}
}

@article{skalse2022defining,
  title={Defining and characterizing reward gaming},
  author={Skalse, Joar and Howe, Nikolaus and Krasheninnikov, Dmitrii and Krueger, David},
  journal={Advances in Neural Information Processing Systems},
  volume={35},
  pages={9460--9471},
  year={2022}
}

@article{chen2025revisit,
  title={Revisit Self-Debugging with Self-Generated Tests for Code Generation},
  author={Chen, Xiancai and Tao, Zhengwei and Zhang, Kechi and Zhou, Changzhi and Gu, Wanli and He, Yuanpeng and Zhang, Mengdi and Cai, Xunliang and Zhao, Haiyan and Jin, Zhi},
  journal={arXiv preprint arXiv:2501.12793},
  year={2025}
}

@misc{liu2024fullstackbenchevaluatingllms,
      title={FullStack Bench: Evaluating LLMs as Full Stack Coders}, 
      author={Siyao Liu and He Zhu and Jerry Liu and Shulin Xin and Aoyan Li and Rui Long and Li Chen and Jack Yang and Jinxiang Xia and Z. Y. Peng and Shukai Liu and Zhaoxiang Zhang and Ge Zhang and Wenhao Huang and Kai Shen and Liang Xiang},
      year={2024},
      eprint={2412.00535},
      archivePrefix={arXiv},
      primaryClass={cs.AI},
      url={https://arxiv.org/abs/2412.00535}, 
}

@article{yang2025code,
  title={Code to Think, Think to Code: A Survey on Code-Enhanced Reasoning and Reasoning-Driven Code Intelligence in LLMs},
  author={Yang, Dayu and Liu, Tianyang and Zhang, Daoan and Simoulin, Antoine and Liu, Xiaoyi and Cao, Yuwei and Teng, Zhaopu and Qian, Xin and Yang, Grey and Luo, Jiebo and others},
  journal={arXiv preprint arXiv:2502.19411},
  year={2025}
}

@article{gong2025language,
  title={Language models for code optimization: Survey, challenges and future directions},
  author={Gong, Jingzhi and Voskanyan, Vardan and Brookes, Paul and Wu, Fan and Jie, Wei and Xu, Jie and Giavrimis, Rafail and Basios, Mike and Kanthan, Leslie and Wang, Zheng},
  journal={arXiv preprint arXiv:2501.01277},
  year={2025}
}

@article{mei2024arvo,
  title={ARVO: Atlas of Reproducible Vulnerabilities for Open Source Software},
  author={Mei, Xiang and Singaria, Pulkit Singh and Del Castillo, Jordi and Xi, Haoran and Bao, Tiffany and Wang, Ruoyu and Shoshitaishvili, Yan and Doup{\'e}, Adam and Pearce, Hammond and Dolan-Gavitt, Brendan and others},
  journal={arXiv preprint arXiv:2408.02153},
  year={2024}
}

@article{sonnet35swe,
  title={Raising the bar on SWE-bench Verified with Claude 3.5 Sonnet},
  author={Anthropic},
  year={2024}
}

@inproceedings{hong2024llm,
  title={LLM-Aided Compilation for Tensor Accelerators},
  author={Hong, Charles and Bhatia, Sahil and Haan, Altan and Dong, Shengjun Kris and Nikiforov, Dima and Cheung, Alvin and Shao, Yakun Sophia},
  booktitle={2024 IEEE LLM Aided Design Workshop (LAD)},
  pages={1--14},
  year={2024},
  organization={IEEE}
}

@article{ragan2013halide,
  title={Halide: a language and compiler for optimizing parallelism, locality, and recomputation in image processing pipelines},
  author={Ragan-Kelley, Jonathan and Barnes, Connelly and Adams, Andrew and Paris, Sylvain and Durand, Fr{\'e}do and Amarasinghe, Saman},
  journal={Acm Sigplan Notices},
  volume={48},
  number={6},
  pages={519--530},
  year={2013},
  publisher={ACM New York, NY, USA}
}

@article{burstall1977transformation,
  title={A transformation system for developing recursive programs},
  author={Burstall, Rod M and Darlington, John},
  journal={Journal of the ACM (JACM)},
  volume={24},
  number={1},
  pages={44--67},
  year={1977},
  publisher={ACM New York, NY, USA}
}

@article{puschel2005spiral,
  title={SPIRAL: Code generation for DSP transforms},
  author={Puschel, Markus and Moura, Jos{\'e} MF and Johnson, Jeremy R and Padua, David and Veloso, Manuela M and Singer, Bryan W and Xiong, Jianxin and Franchetti, Franz and Gacic, Aca and Voronenko, Yevgen and others},
  journal={Proceedings of the IEEE},
  volume={93},
  number={2},
  pages={232--275},
  year={2005},
  publisher={IEEE}
}

@article{lozhkov2024starcoder,
  title={Starcoder 2 and the stack v2: The next generation},
  author={Lozhkov, Anton and Li, Raymond and Allal, Loubna Ben and Cassano, Federico and Lamy-Poirier, Joel and Tazi, Nouamane and Tang, Ao and Pykhtar, Dmytro and Liu, Jiawei and Wei, Yuxiang and others},
  journal={arXiv preprint arXiv:2402.19173},
  year={2024}
}

@article{kocetkov2022stack,
  title={The stack: 3 tb of permissively licensed source code},
  author={Kocetkov, Denis and Li, Raymond and Allal, Loubna Ben and Li, Jia and Mou, Chenghao and Ferrandis, Carlos Mu{\~n}oz and Jernite, Yacine and Mitchell, Margaret and Hughes, Sean and Wolf, Thomas and others},
  journal={arXiv preprint arXiv:2211.15533},
  year={2022}
}

@inproceedings{chandra2024ai,
  title={AI in Software Engineering at Google: Progress and the Path Ahead (Invited Talk)},
  author={Chandra, Satish},
  booktitle={Proceedings of the 1st ACM International Conference on AI-Powered Software},
  pages={182--182},
  year={2024}
}

@article{ziegler2024measuring,
  title={Measuring GitHub Copilot's impact on productivity},
  author={Ziegler, Albert and Kalliamvakou, Eirini and Li, X Alice and Rice, Andrew and Rifkin, Devon and Simister, Shawn and Sittampalam, Ganesh and Aftandilian, Edward},
  journal={Communications of the ACM},
  volume={67},
  number={3},
  pages={54--63},
  year={2024},
  publisher={ACM New York, NY, USA}
}

@article{murali2024ai,
  title={AI-assisted Code Authoring at Scale: Fine-tuning, deploying, and mixed methods evaluation},
  author={Murali, Vijayaraghavan and Maddila, Chandra and Ahmad, Imad and Bolin, Michael and Cheng, Daniel and Ghorbani, Negar and Fernandez, Renuka and Nagappan, Nachiappan and Rigby, Peter C},
  journal={Proceedings of the ACM on Software Engineering},
  volume={1},
  number={FSE},
  pages={1066--1085},
  year={2024},
  publisher={ACM New York, NY, USA}
}

@misc{chi2025copilotarena,
      title={Copilot Arena: A Platform for Code LLM Evaluation in the Wild}, 
      author={Wayne Chi and Valerie Chen and Anastasios Nikolas Angelopoulos and Wei-Lin Chiang and Aditya Mittal and Naman Jain and Tianjun Zhang and Ion Stoica and Chris Donahue and Ameet Talwalkar},
      year={2025},
      eprint={2502.09328},
      archivePrefix={arXiv},
      primaryClass={cs.SE},
      url={https://arxiv.org/abs/2502.09328}, 
}

@inproceedings{ferdowsi2024validating,
  title={Validating AI-generated code with live programming},
  author={Ferdowsi, Kasra and Huang, Ruanqianqian and James, Michael B and Polikarpova, Nadia and Lerner, Sorin},
  booktitle={Proceedings of the 2024 CHI Conference on Human Factors in Computing Systems},
  pages={1--8},
  year={2024}
}

@inproceedings{klein2009sel4,
  title={seL4: Formal verification of an OS kernel},
  author={Klein, Gerwin and Elphinstone, Kevin and Heiser, Gernot and Andronick, June and Cock, David and Derrin, Philip and Elkaduwe, Dhammika and Engelhardt, Kai and Kolanski, Rafal and Norrish, Michael and others},
  booktitle={Proceedings of the ACM SIGOPS 22nd symposium on Operating systems principles},
  pages={207--220},
  year={2009}
}

@article{xu2025kodcode,
  title={KodCode: A Diverse, Challenging, and Verifiable Synthetic Dataset for Coding},
  author={Xu, Zhangchen and Liu, Yang and Yin, Yueqin and Zhou, Mingyuan and Poovendran, Radha},
  journal={arXiv preprint arXiv:2503.02951},
  year={2025}
}

@article{code-r1,
  title={Code-R1: Reproducing R1 for Code with Reliable Rewards},
  author={Liu, Jiawei and Zhang, Lingming},
  howpublished={\url{https://github.com/ganler/code-r1}},
  year={2025}
}

@article{li2023taco,
  title={Taco: Topics in algorithmic code generation dataset},
  author={Li, Rongao and Fu, Jie and Zhang, Bo-Wen and Huang, Tao and Sun, Zhihong and Lyu, Chen and Liu, Guang and Jin, Zhi and Li, Ge},
  journal={arXiv preprint arXiv:2312.14852},
  year={2023}
}

@article{endres2024can,
  title={Can large language models transform natural language intent into formal method postconditions?},
  author={Endres, Madeline and Fakhoury, Sarah and Chakraborty, Saikat and Lahiri, Shuvendu K},
  journal={Proceedings of the ACM on Software Engineering},
  volume={1},
  number={FSE},
  pages={1889--1912},
  year={2024},
  publisher={ACM New York, NY, USA}
}

@article{miserendino2025swe,
  title={SWE-Lancer: Can Frontier LLMs Earn \$1 Million from Real-World Freelance Software Engineering?},
  author={Miserendino, Samuel and Wang, Michele and Patwardhan, Tejal and Heidecke, Johannes},
  journal={arXiv preprint arXiv:2502.12115},
  year={2025}
}

@inproceedings{10.1145/3630106.3658984,
author = {Wang, Ruotong and Cheng, Ruijia and Ford, Denae and Zimmermann, Thomas},
title = {Investigating and Designing for Trust in AI-powered Code Generation Tools},
year = {2024},
isbn = {9798400704505},
publisher = {Association for Computing Machinery},
address = {New York, NY, USA},
url = {https://doi.org/10.1145/3630106.3658984},
doi = {10.1145/3630106.3658984},
booktitle = {Proceedings of the 2024 ACM Conference on Fairness, Accountability, and Transparency},
pages = {1475–1493},
numpages = {19},
keywords = {generative AI, human-AI interaction, software engineering tooling, trust in AI},
location = {Rio de Janeiro, Brazil},
series = {FAccT '24}
}

@inproceedings{bajpai2024let,
  title={Let’s Fix this Together: Conversational Debugging with GitHub Copilot},
  author={Bajpai, Yasharth and Chopra, Bhavya and Biyani, Param and Aslan, Cagri and Coleman, Dustin and Gulwani, Sumit and Parnin, Chris and Radhakrishna, Arjun and Soares, Gustavo},
  booktitle={2024 IEEE Symposium on Visual Languages and Human-Centric Computing (VL/HCC)},
  pages={1--12},
  year={2024},
  organization={IEEE}
}

@article{li2024sketch2code,
  title={Sketch2Code: Evaluating Vision-Language Models for Interactive Web Design Prototyping},
  author={Li, Ryan and Zhang, Yanzhe and Yang, Diyi},
  journal={arXiv preprint arXiv:2410.16232},
  year={2024}
}

@article{ding2023crosscodeeval,
  title={Crosscodeeval: A diverse and multilingual benchmark for cross-file code completion},
  author={Ding, Yangruibo and Wang, Zijian and Ahmad, Wasi and Ding, Hantian and Tan, Ming and Jain, Nihal and Ramanathan, Murali Krishna and Nallapati, Ramesh and Bhatia, Parminder and Roth, Dan and others},
  journal={Advances in Neural Information Processing Systems},
  volume={36},
  pages={46701--46723},
  year={2023}
}

@inproceedings{wei2023copiloting,
  title={Copiloting the copilots: Fusing large language models with completion engines for automated program repair},
  author={Wei, Yuxiang and Xia, Chunqiu Steven and Zhang, Lingming},
  booktitle={Proceedings of the 31st ACM Joint European Software Engineering Conference and Symposium on the Foundations of Software Engineering},
  pages={172--184},
  year={2023}
}

@article{xie2025repost,
  title={RepoST: Scalable Repository-Level Coding Environment Construction with Sandbox Testing},
  author={Xie, Yiqing and Xie, Alex and Sheth, Divyanshu and Liu, Pengfei and Fried, Daniel and Rose, Carolyn},
  journal={arXiv preprint arXiv:2503.07358},
  year={2025}
}

@article{roychoudhury2025will,
  title={Will AI replace Software Engineers? Hold your Breath},
  author={Roychoudhury, Abhik and Zeller, Andreas},
  journal={arXiv preprint arXiv:2502.20429},
  year={2025}
}

@article{roychoudhury2025ai,
  title={AI Software Engineer: Programming with Trust},
  author={Roychoudhury, Abhik and Pasareanu, Corina and Pradel, Michael and Ray, Baishakhi},
  journal={arXiv preprint arXiv:2502.13767},
  year={2025}
}

@article{zhao2023get,
  title={How to get better embeddings with code pre-trained models? An empirical study},
  author={Zhao, Yu and Gong, Lina and Zhang, Haoxiang and Yu, Yaoshen and Huang, Zhiqiu},
  journal={arXiv preprint arXiv:2311.08066},
  year={2023}
}

@article{lange2025ai,
  title={The AI CUDA Engineer: Agentic CUDA Kernel Discovery, Optimization and Composition},
  author={Lange, Robert Tjarko and Prasad, Aaditya and Sun, Qi and Faldor, Maxence and Tang, Yujin and Ha, David},
  year={2025}
}

@article{bessey2010few,
  title={A few billion lines of code later: using static analysis to find bugs in the real world},
  author={Bessey, Al and Block, Ken and Chelf, Ben and Chou, Andy and Fulton, Bryan and Hallem, Seth and Henri-Gros, Charles and Kamsky, Asya and McPeak, Scott and Engler, Dawson},
  journal={Communications of the ACM},
  volume={53},
  number={2},
  pages={66--75},
  year={2010},
  publisher={ACM New York, NY, USA}
}

@article{ding2024semcoder,
  title={Semcoder: Training code language models with comprehensive semantics},
  author={Ding, Yangruibo and Peng, Jinjun and Min, Marcus J and Kaiser, Gail and Yang, Junfeng and Ray, Baishakhi},
  journal={arXiv preprint arXiv:2406.01006},
  year={2024}
}

@article{guo2020graphcodebert,
  title={Graphcodebert: Pre-training code representations with data flow},
  author={Guo, Daya and Ren, Shuo and Lu, Shuai and Feng, Zhangyin and Tang, Duyu and Liu, Shujie and Zhou, Long and Duan, Nan and Svyatkovskiy, Alexey and Fu, Shengyu and others},
  journal={arXiv preprint arXiv:2009.08366},
  year={2020}
}


@article{berlot2024library,
  title={Library Learning Doesn't: The Curious Case of the Single-Use" Library"},
  author={Berlot-Attwell, Ian and Rudzicz, Frank and Si, Xujie},
  journal={arXiv preprint arXiv:2410.20274},
  year={2024}
}

@article{baker2025monitoring,
  title={Monitoring Reasoning Models for Misbehavior and the Risks of Promoting Obfuscation},
  author={Baker, Bowen and Huizinga, Joost and Gao, Leo and Dou, Zehao and Guan, Melody Y and Madry, Aleksander and Zaremba, Wojciech and Pachocki, Jakub and Farhi, David},
  journal={arXiv preprint arXiv:2503.11926},
  year={2025}
}

@article{denison2024sycophancy,
  title={Sycophancy to subterfuge: Investigating reward-tampering in large language models},
  author={Denison, Carson and MacDiarmid, Monte and Barez, Fazl and Duvenaud, David and Kravec, Shauna and Marks, Samuel and Schiefer, Nicholas and Soklaski, Ryan and Tamkin, Alex and Kaplan, Jared and others},
  journal={arXiv preprint arXiv:2406.10162},
  year={2024}
}

@article{li2024llift,
	title = {Enhancing static analysis for practical bug detection: {An} {LLM}-integrated approach},
	volume = {8},
	shorttitle = {{LLift}},
	number = {OOPSLA1},
	journal = {Proc. ACM Program. Lang.},
	author = {Li, Haonan and Hao, Yu and Zhai, Yizhuo and Qian, Zhiyun},
	year = {2024},
}

@inproceedings{Zhou2019DevignEV,
  title={Devign: Effective Vulnerability Identification by Learning Comprehensive Program Semantics via Graph Neural Networks},
  author={Yaqin Zhou and Shangqing Liu and J. Siow and Xiaoning Du and Yang Liu},
  booktitle={Neural Information Processing Systems},
  year={2019},
}

@misc{ruan2024specrovercodeintentextraction,
      title={SpecRover: Code Intent Extraction via LLMs}, 
      author={Haifeng Ruan and Yuntong Zhang and Abhik Roychoudhury},
      year={2024},
      eprint={2408.02232},
      archivePrefix={arXiv},
      primaryClass={cs.SE},
      url={https://arxiv.org/abs/2408.02232}, 
}

@misc{roychoudhury2025aisoftwareengineerprogramming,
      title={AI Software Engineer: Programming with Trust}, 
      author={Abhik Roychoudhury and Corina Pasareanu and Michael Pradel and Baishakhi Ray},
      year={2025},
      eprint={2502.13767},
      archivePrefix={arXiv},
      primaryClass={cs.SE},
      url={https://arxiv.org/abs/2502.13767}, 
}

@misc{li2024largelanguagemodelstest,
      title={Large Language Models as Test Case Generators: Performance Evaluation and Enhancement}, 
      author={Kefan Li and Yuan Yuan},
      year={2024},
      eprint={2404.13340},
      archivePrefix={arXiv},
      primaryClass={cs.SE},
      url={https://arxiv.org/abs/2404.13340}, 
}

@inproceedings{dinella2024infer,
author = {Dinella, Elizabeth and Lahiri, Shuvendu K. and Naik, Mayur},
title = {Inferring Natural Preconditions via Program Transformation},
year = {2024},
isbn = {9798400706585},
publisher = {Association for Computing Machinery},
address = {New York, NY, USA},
booktitle = {Companion Proceedings of the 32nd ACM International Conference on the Foundations of Software Engineering},
pages = {657–658},
numpages = {2},
keywords = {Automated Testing, Natural Language Processing, Preconditions},
location = {Porto de Galinhas, Brazil},
series = {FSE 2024}
}

@misc{dinella2024programstructureawareprecondition,
      title={Program Structure Aware Precondition Generation}, 
      author={Elizabeth Dinella and Shuvendu Lahiri and Mayur Naik},
      year={2024},
      eprint={2310.02154},
      archivePrefix={arXiv},
      primaryClass={cs.SE},
      url={https://arxiv.org/abs/2310.02154}, 
}

@article{Chakraborty2020DeepLB,
  title={Deep Learning Based Vulnerability Detection: Are We There Yet?},
  author={Saikat Chakraborty and Rahul Krishna and Yangruibo Ding and Baishakhi Ray},
  journal={IEEE Transactions on Software Engineering},
  year={2020},
  volume={48},
  pages={3280-3296},
}

@inproceedings{Dinella2020Hoppity,
  title={Hoppity: Learning Graph Transformations to Detect and Fix Bugs in Programs},
  author={Dinella, Elizabeth and Dai, Hanjun and Li, Ziyang and Naik, Mayur and Song, Le and Wang, Ke},
  booktitle = {International Conference on Learning Representations},
  year      = {2020},
}

@inproceedings{Li2021VulnerabilityDW,
  title={Vulnerability detection with fine-grained interpretations},
  author={Yi Li and Shaohua Wang and Tien Nhut Nguyen},
  booktitle={Joint Meeting on European Software Engineering Conference and Symposium on the Foundations of Software Engineering},
  year={2021},
}

@inproceedings{Hin2022LineVDSV,
  title={LineVD: Statement-level Vulnerability Detection using Graph Neural Networks},
  author={David Hin and Andrey Kan and Huaming Chen and Muhammad Ali Babar},
  booktitle={International Conference on Mining Software Repositories},
  year={2022},
}

@inproceedings{fu2022linevul,
  title={{LineVul}: A Transformer-based Line-Level Vulnerability Prediction},
  author={Fu, Michael and Tantithamthavorn, Chakkrit},
  booktitle={International Conference on Mining Software Repositories},
  year={2022},
}

@article{steenhoek2023dataflow,
      title={Dataflow Analysis-Inspired Deep Learning for Efficient Vulnerability Detection}, 
      author={Benjamin Steenhoek and Hongyang Gao and Wei Le},
      year={2023},
      journal={arXiv preprint arXiv:2212.08108}
}

@inproceedings{Cheng2022PathsensitiveCE,
  title={Path-sensitive code embedding via contrastive learning for software vulnerability detection},
  author={Xiao Cheng and Guanqin Zhang and Haoyu Wang and Yulei Sui},
  booktitle={International Symposium on Software Testing and Analysis},
  year={2022},
}

@article{steenhoek2024comprehensive,
  title={A Comprehensive Study of the Capabilities of Large Language Models for Vulnerability Detection},
  author={Steenhoek, Benjamin and Rahman, Md Mahbubur and Roy, Monoshi Kumar and Alam, Mirza Sanjida and Barr, Earl T and Le, Wei},
  journal={arXiv preprint arXiv:2403.17218},
  year={2024}
}

@article{ding2024vulnerability,
  title={Vulnerability Detection with Code Language Models: How Far Are We?},
  author={Ding, Yangruibo and Fu, Yanjun and Ibrahim, Omniyyah and Sitawarin, Chawin and Chen, Xinyun and Alomair, Basel and Wagner, David and Ray, Baishakhi and Chen, Yizheng},
  journal={arXiv preprint arXiv:2403.18624},
  year={2024}
}

@article{khare2023understanding,
  title={Understanding the Effectiveness of Large Language Models in Detecting Security Vulnerabilities},
  author={Khare, Avishree and Dutta, Saikat and Li, Ziyang and Solko-Breslin, Alaia and Alur, Rajeev and Naik, Mayur},
  journal={arXiv preprint arXiv:2311.16169},
  year={2023}
}

@inproceedings{zhu2024tygr,
author = {Chang Zhu and Ziyang Li and Anton Xue and Ati Priya Bajaj and Wil Gibbs and Yibo Liu and Rajeev Alur and Tiffany Bao and Hanjun Dai and Adam Doup{\'e} and Mayur Naik and Yan Shoshitaishvili and Ruoyu Wang and Aravind Machiry},
title = {{TYGR}: Type Inference on Stripped Binaries using Graph Neural Networks},
booktitle = {33rd USENIX Security Symposium (USENIX Security 24)},
year = {2024},
isbn = {978-1-939133-44-1},
}

@inproceedings{pei2021stateformer, author = {Pei, Kexin and Guan, Jonas and Broughton, Matthew and Chen, Zhongtian and Yao, Songchen and Williams-King, David and Ummadisetty, Vikas and Yang, Junfeng and Ray, Baishakhi and Jana, Suman}, title = {StateFormer: fine-grained type recovery from binaries using generative state modeling}, year = {2021}, isbn = {9781450385626}, publisher = {Association for Computing Machinery}, booktitle = {Proceedings of the 29th ACM Joint Meeting on European Software Engineering Conference and Symposium on the Foundations of Software Engineering}, series = {ESEC/FSE 2021} }

@misc{liu2025controlflowaugmenteddecompilerbased,
      title={Control Flow-Augmented Decompiler based on Large Language Model}, 
      author={Peipei Liu and Jian Sun and Li Chen and Zhaoteng Yan and Peizheng Zhang and Dapeng Sun and Dawei Wang and Dan Li},
      year={2025},
      eprint={2503.07215},
      archivePrefix={arXiv},
      primaryClass={cs.SE},
      url={https://arxiv.org/abs/2503.07215}, 
}

@misc{jin2023binarycodesummarizationbenchmarking,
      title={Binary Code Summarization: Benchmarking ChatGPT/GPT-4 and Other Large Language Models}, 
      author={Xin Jin and Jonathan Larson and Weiwei Yang and Zhiqiang Lin},
      year={2023},
      eprint={2312.09601},
      archivePrefix={arXiv},
      primaryClass={cs.CR},
      url={https://arxiv.org/abs/2312.09601}, 
}

@INPROCEEDINGS{islam2023pymigbench,
  author={Islam, Mohayeminul and Jha, Ajay Kumar and Nadi, Sarah and Akhmetov, Ildar},
  booktitle={2023 IEEE/ACM 20th International Conference on Mining Software Repositories (MSR)}, 
  title={PyMigBench: A Benchmark for Python Library Migration}, 
  year={2023},
}

@inproceedings{li2025translating, series={NDSS 2025},
   title={Translating C To Rust: Lessons from a User Study},
   booktitle={Proceedings 2025 Network and Distributed System Security Symposium},
   publisher={Internet Society},
   author={Li, Ruishi and Wang, Bo and Li, Tianyu and Saxena, Prateek and Kundu, Ashish},
   year={2025},
   collection={NDSS 2025} }

@misc{eniser2024translatingrealworldcodellms,
      title={Towards Translating Real-World Code with LLMs: A Study of Translating to Rust}, 
      author={Hasan Ferit Eniser and Hanliang Zhang and Cristina David and Meng Wang and Maria Christakis and Brandon Paulsen and Joey Dodds and Daniel Kroening},
      year={2024},
      eprint={2405.11514},
      archivePrefix={arXiv},
      primaryClass={cs.SE}, 
}

@misc{wang2024llmdfaanalyzingdataflowcode,
      title={LLMDFA: Analyzing Dataflow in Code with Large Language Models}, 
      author={Chengpeng Wang and Wuqi Zhang and Zian Su and Xiangzhe Xu and Xiaoheng Xie and Xiangyu Zhang},
      year={2024},
      eprint={2402.10754},
      archivePrefix={arXiv},
      primaryClass={cs.PL},
      url={https://arxiv.org/abs/2402.10754}, 
}

@misc{liu2024codexembedgeneralistembeddingmodel,
      title={CodeXEmbed: A Generalist Embedding Model Family for Multiligual and Multi-task Code Retrieval}, 
      author={Ye Liu and Rui Meng and Shafiq Joty and Silvio Savarese and Caiming Xiong and Yingbo Zhou and Semih Yavuz},
      year={2024},
      eprint={2411.12644},
      archivePrefix={arXiv},
      primaryClass={cs.SE},
}

@article{pailoor2024refactoring,
    author = {Pailoor, Shankara and Wang, Yuepeng and Dillig, Isil},
    title = {Semantic Code Refactoring for Abstract Data Types},
    year = {2024},
    publisher = {Association for Computing Machinery},
    number = {POPL},
    journal = {Proc. ACM Program. Lang.},
}

@article{schafer2016ql,
    author = {Avgustinov, Pavel and de Moor, Oege and Jones Peyton, Michael and Schafer, Max},
    title = {QL: object-oriented queries on relational data},
    year = {2016},
    journal = {ECOOP},
}

@misc{li2024mmcodebenchmarkingmultimodallarge,
      title={MMCode: Benchmarking Multimodal Large Language Models for Code Generation with Visually Rich Programming Problems}, 
      author={Kaixin Li and Yuchen Tian and Qisheng Hu and Ziyang Luo and Zhiyong Huang and Jing Ma},
      year={2024},
      eprint={2404.09486},
      archivePrefix={arXiv},
      primaryClass={cs.CL},
}

@misc{liu2025logomotionvisuallygroundedcodesynthesis,
      title={LogoMotion: Visually-Grounded Code Synthesis for Creating and Editing Animation}, 
      author={Vivian Liu and Rubaiat Habib Kazi and Li-Yi Wei and Matthew Fisher and Timothy Langlois and Seth Walker and Lydia Chilton},
      year={2025},
      eprint={2405.07065},
      archivePrefix={arXiv},
      primaryClass={cs.HC},
      url={https://arxiv.org/abs/2405.07065}, 
}

@misc{ma2025dynexdynamiccodesynthesis,
      title={DynEx: Dynamic Code Synthesis with Structured Design Exploration for Accelerated Exploratory Programming}, 
      author={Jenny Ma and Karthik Sreedhar and Vivian Liu and Pedro Alejandro Perez and Sitong Wang and Riya Sahni and Lydia B. Chilton},
      year={2025},
      eprint={2410.00400},
      archivePrefix={arXiv},
      primaryClass={cs.HC},
      url={https://arxiv.org/abs/2410.00400}, 
}

@misc{qiu2024largelanguagemodelsunderstand,
      title={Can Large Language Models Understand Symbolic Graphics Programs?}, 
      author={Zeju Qiu and Weiyang Liu and Haiwen Feng and Zhen Liu and Tim Z. Xiao and Katherine M. Collins and Joshua B. Tenenbaum and Adrian Weller and Michael J. Black and Bernhard Schölkopf},
      year={2024},
      eprint={2408.08313},
      archivePrefix={arXiv},
      primaryClass={cs.LG},
      url={https://arxiv.org/abs/2408.08313}, 
}

@inproceedings{nandi2020synthesizecad, author = {Nandi, Chandrakana and Willsey, Max and Anderson, Adam and Wilcox, James R. and Darulova, Eva and Grossman, Dan and Tatlock, Zachary}, title = {Synthesizing structured CAD models with equality saturation and inverse transformations}, year = {2020}, isbn = {9781450376136}, publisher = {Association for Computing Machinery}, address = {New York, NY, USA}, booktitle = {Proceedings of the 41st ACM SIGPLAN Conference on Programming Language Design and Implementation}, pages = {31–44}, numpages = {14}, series = {PLDI 2020} }

@inproceedings{Radford2019LanguageMA,
  title={Language Models are Unsupervised Multitask Learners},
  author={Alec Radford and Jeff Wu and Rewon Child and David Luan and Dario Amodei and Ilya Sutskever},
  year={2019},
  url={https://api.semanticscholar.org/CorpusID:160025533}
}

@misc{agrawal2023guidinglanguagemodelscode,
      title={Guiding Language Models of Code with Global Context using Monitors}, 
      author={Lakshya A Agrawal and Aditya Kanade and Navin Goyal and Shuvendu K. Lahiri and Sriram K. Rajamani},
      year={2023},
      eprint={2306.10763},
      archivePrefix={arXiv},
      primaryClass={cs.CL},
      url={https://arxiv.org/abs/2306.10763}, 
}

@misc{park2024grammaraligneddecoding,
      title={Grammar-Aligned Decoding}, 
      author={Kanghee Park and Jiayu Wang and Taylor Berg-Kirkpatrick and Nadia Polikarpova and Loris D'Antoni},
      year={2024},
      eprint={2405.21047},
      archivePrefix={arXiv},
      primaryClass={cs.AI},
      url={https://arxiv.org/abs/2405.21047}, 
}

@misc{sun2023evaluatinglargelanguagemodels,
      title={Evaluating Large Language Models on Controlled Generation Tasks}, 
      author={Jiao Sun and Yufei Tian and Wangchunshu Zhou and Nan Xu and Qian Hu and Rahul Gupta and John Frederick Wieting and Nanyun Peng and Xuezhe Ma},
      year={2023},
      eprint={2310.14542},
      archivePrefix={arXiv},
      primaryClass={cs.CL},
      url={https://arxiv.org/abs/2310.14542}, 
}

@misc{zettlemoyer2012learningmapsentenceslogical,
      title={Learning to Map Sentences to Logical Form: Structured Classification with Probabilistic Categorial Grammars}, 
      author={Luke S. Zettlemoyer and Michael Collins},
      year={2012},
      eprint={1207.1420},
      archivePrefix={arXiv},
      primaryClass={cs.CL},
      url={https://arxiv.org/abs/1207.1420}, 
}

@inproceedings{wong2006learning,
    title = "Learning for Semantic Parsing with Statistical Machine Translation",
    author = "Wong, Yuk Wah  and
      Mooney, Raymond",
    editor = "Moore, Robert C.  and
      Bilmes, Jeff  and
      Chu-Carroll, Jennifer  and
      Sanderson, Mark",
    booktitle = "Proceedings of the Human Language Technology Conference of the {NAACL}, Main Conference",
    month = jun,
    year = "2006",
    address = "New York City, USA",
    publisher = "Association for Computational Linguistics",
    pages = "439--446"
}

@inproceedings{zhong2017seq2sql,
      title={Seq2SQL: Generating Structured Queries from Natural Language using Reinforcement Learning}, 
      author={Victor Zhong and Caiming Xiong and Richard Socher},
      year={2017},
      eprint={1709.00103},
      archivePrefix={arXiv},
      primaryClass={cs.CL},
}

@misc{yu2019spider,
      title={Spider: A Large-Scale Human-Labeled Dataset for Complex and Cross-Domain Semantic Parsing and Text-to-SQL Task}, 
      author={Tao Yu and Rui Zhang and Kai Yang and Michihiro Yasunaga and Dongxu Wang and Zifan Li and James Ma and Irene Li and Qingning Yao and Shanelle Roman and Zilin Zhang and Dragomir Radev},
      year={2019},
      eprint={1809.08887},
      archivePrefix={arXiv},
      primaryClass={cs.CL},
}

@misc{du2023classeval,
      title={ClassEval: A Manually-Crafted Benchmark for Evaluating LLMs on Class-level Code Generation}, 
      author={Xueying Du and Mingwei Liu and Kaixin Wang and Hanlin Wang and Junwei Liu and Yixuan Chen and Jiayi Feng and Chaofeng Sha and Xin Peng and Yiling Lou},
      year={2023},
      eprint={2308.01861},
      archivePrefix={arXiv},
      primaryClass={cs.CL},
}

@misc{cao2024javabench,
      title={JavaBench: A Benchmark of Object-Oriented Code Generation for Evaluating Large Language Models}, 
      author={Jialun Cao and Zhiyong Chen and Jiarong Wu and Shing-chi Cheung and Chang Xu},
      year={2024},
      eprint={2406.12902},
      archivePrefix={arXiv},
      primaryClass={cs.LG},
      url={https://arxiv.org/abs/2406.12902}, 
}

@misc{wang2024oopeval,
      title={OOP: Object-Oriented Programming Evaluation Benchmark for Large Language Models}, 
      author={Shuai Wang and Liang Ding and Li Shen and Yong Luo and Bo Du and Dacheng Tao},
      year={2024},
      eprint={2401.06628},
      archivePrefix={arXiv},
      primaryClass={cs.CL},
      url={https://arxiv.org/abs/2401.06628}, 
}

@misc{openai2023gpt4demo,
  author = {OpenAI},
  title = {GPT-4 Demo: From Sketch to Website},
  year = {2023},
  howpublished = {\url{https://www.youtube.com/watch?v=outcGtbnMuQ}},
  note = {Accessed: 2025-03-26}
}

@misc{vero2025baxbench,
      title={BaxBench: Can LLMs Generate Correct and Secure Backends?}, 
      author={Mark Vero and Niels Mündler and Victor Chibotaru and Veselin Raychev and Maximilian Baader and Nikola Jovanović and Jingxuan He and Martin Vechev},
      year={2025},
      eprint={2502.11844},
      archivePrefix={arXiv},
      primaryClass={cs.CR},
      url={https://arxiv.org/abs/2502.11844}, 
}

@inproceedings{siddiq2022securityeval, author = {Siddiq, Mohammed Latif and Santos, Joanna C. S.}, title = {SecurityEval dataset: mining vulnerability examples to evaluate machine learning-based code generation techniques}, year = {2022}, isbn = {9781450394574}, publisher = {Association for Computing Machinery}, address = {New York, NY, USA}, pages = {29–33}, numpages = {5}, keywords = {security, dataset, common weakness enumeration, code generation}, location = {Singapore, Singapore}}

@misc{he2024safecoder,
      title={Instruction Tuning for Secure Code Generation}, 
      author={Jingxuan He and Mark Vero and Gabriela Krasnopolska and Martin Vechev},
      year={2024},
      eprint={2402.09497},
      archivePrefix={arXiv},
      primaryClass={cs.CR},
      url={https://arxiv.org/abs/2402.09497}, 
}

@misc{hajipour2023codelmsec,
      title={CodeLMSec Benchmark: Systematically Evaluating and Finding Security Vulnerabilities in Black-Box Code Language Models}, 
      author={Hossein Hajipour and Keno Hassler and Thorsten Holz and Lea Schönherr and Mario Fritz},
      year={2023},
      eprint={2302.04012},
      archivePrefix={arXiv},
      primaryClass={cs.CR},
      url={https://arxiv.org/abs/2302.04012}, 
}

@misc{peng2025cweval,
      title={CWEval: Outcome-driven Evaluation on Functionality and Security of LLM Code Generation}, 
      author={Jinjun Peng and Leyi Cui and Kele Huang and Junfeng Yang and Baishakhi Ray},
      year={2025},
      eprint={2501.08200},
      archivePrefix={arXiv},
      primaryClass={cs.SE},
      url={https://arxiv.org/abs/2501.08200}, 
}

@inproceedings{yin2011configuration, 
    author = {Yin, Zuoning and Ma, Xiao and Zheng, Jing and Zhou, Yuanyuan and Bairavasundaram, Lakshmi N. and Pasupathy, Shankar}, 
    title = {An empirical study on configuration errors in commercial and open source systems}, 
    year = {2011}, 
    isbn = {9781450309776}, 
    publisher = {Association for Computing Machinery}, 
    address = {New York, NY, USA}, 
    booktitle = {Proceedings of the Twenty-Third ACM Symposium on Operating Systems Principles}, 
    pages = {159–172}, 
    numpages = {14}, 
    keywords = {characteristic study, misconfigurations}, 
    location = {Cascais, Portugal}, 
    series = {SOSP '11} }

@misc{chaudhary2024developing,
      title={Developing a Llama-Based Chatbot for CI/CD Question Answering: A Case Study at Ericsson}, 
      author={Daksh Chaudhary and Sri Lakshmi Vadlamani and Dimple Thomas and Shiva Nejati and Mehrdad Sabetzadeh},
      year={2024},
      eprint={2408.09277},
      archivePrefix={arXiv},
      primaryClass={cs.SE},
      url={https://arxiv.org/abs/2408.09277}, 
}

@misc{bouzenia2024itirunit,
      title={You Name It, I Run It: An LLM Agent to Execute Tests of Arbitrary Projects}, 
      author={Islem Bouzenia and Michael Pradel},
      year={2024},
      eprint={2412.10133},
      archivePrefix={arXiv},
      primaryClass={cs.SE},
      url={https://arxiv.org/abs/2412.10133}, 
}

@misc{verdet2023exploring,
      title={Exploring Security Practices in Infrastructure as Code: An Empirical Study}, 
      author={Alexandre Verdet and Mohammad Hamdaqa and Leuson Da Silva and Foutse Khomh},
      year={2023},
      eprint={2308.03952},
      archivePrefix={arXiv},
      primaryClass={cs.CR},
      url={https://arxiv.org/abs/2308.03952}, 
}

@article{cassano2024knowledge,
  title={Knowledge transfer from high-resource to low-resource programming languages for code llms},
  author={Cassano, Federico and Gouwar, John and Lucchetti, Francesca and Schlesinger, Claire and Freeman, Anders and Anderson, Carolyn Jane and Feldman, Molly Q and Greenberg, Michael and Jangda, Abhinav and Guha, Arjun},
  journal={Proceedings of the ACM on Programming Languages},
  volume={8},
  number={OOPSLA2},
  pages={677--708},
  year={2024},
  publisher={ACM New York, NY, USA}
}

@inproceedings{liu2023verilogeval,
  title={Verilogeval: Evaluating large language models for verilog code generation},
  author={Liu, Mingjie and Pinckney, Nathaniel and Khailany, Brucek and Ren, Haoxing},
  booktitle={2023 IEEE/ACM International Conference on Computer Aided Design (ICCAD)},
  pages={1--8},
  year={2023},
  organization={IEEE}
}

@article{chai2024mceval,
  title={Mceval: Massively multilingual code evaluation},
  author={Chai, Linzheng and Liu, Shukai and Yang, Jian and Yin, Yuwei and Jin, Ke and Liu, Jiaheng and Sun, Tao and Zhang, Ge and Ren, Changyu and Guo, Hongcheng and others},
  journal={arXiv preprint arXiv:2406.07436},
  year={2024}
}

@article{florath2024enhancing,
  title={Enhancing formal theorem proving: a comprehensive dataset for training AI models on Coq code},
  author={Florath, Andreas},
  journal={arXiv preprint arXiv:2403.12627},
  year={2024}
}

@article{yang2023leandojo,
  title={Leandojo: Theorem proving with retrieval-augmented language models},
  author={Yang, Kaiyu and Swope, Aidan and Gu, Alex and Chalamala, Rahul and Song, Peiyang and Yu, Shixing and Godil, Saad and Prenger, Ryan J and Anandkumar, Animashree},
  journal={Advances in Neural Information Processing Systems},
  volume={36},
  pages={21573--21612},
  year={2023}
}

@article{paul2024ircoder,
  title={Ircoder: Intermediate representations make language models robust multilingual code generators},
  author={Paul, Indraneil and Glava{\v{s}}, Goran and Gurevych, Iryna},
  journal={arXiv preprint arXiv:2403.03894},
  year={2024}
}


@article{pei2024betterv,
  title={Betterv: Controlled verilog generation with discriminative guidance},
  author={Pei, Zehua and Zhen, Hui-Ling and Yuan, Mingxuan and Huang, Yu and Yu, Bei},
  journal={arXiv preprint arXiv:2402.03375},
  year={2024}
}

@inproceedings{orlanski2023measuring,
  title={Measuring the impact of programming language distribution},
  author={Orlanski, Gabriel and Xiao, Kefan and Garcia, Xavier and Hui, Jeffrey and Howland, Joshua and Malmaud, Jonathan and Austin, Jacob and Singh, Rishabh and Catasta, Michele},
  booktitle={International Conference on Machine Learning},
  pages={26619--26645},
  year={2023},
  organization={PMLR}
}

@INPROCEEDINGS{10555598,
  author={Champa, Arifa I. and Rabbi, Md Fazle and Nachuma, Costain and Zibran, Minhaz F.},
  booktitle={2024 IEEE/ACM 21st International Conference on Mining Software Repositories (MSR)}, 
  title={ChatGPT in Action: Analyzing Its Use in Software Development}, 
  year={2024},
  volume={},
  number={},
  pages={182-186},
  keywords={Codes;Statistical analysis;Oral communication;Chatbots;Software;Task analysis;Artificial intelligence;ChatGPT conversation;software development tasks;task efficiency;prompt quality},
  doi={}}

@inproceedings{xiao2024devgpt,
  title={Devgpt: Studying developer-chatgpt conversations},
  author={Xiao, Tao and Treude, Christoph and Hata, Hideaki and Matsumoto, Kenichi},
  booktitle={Proceedings of the 21st International Conference on Mining Software Repositories},
  pages={227--230},
  year={2024}
}

@article{surameery2023use,
  title={Use chat gpt to solve programming bugs},
  author={Surameery, Nigar M Shafiq and Shakor, Mohammed Y},
  journal={International Journal of Information Technology and Computer Engineering},
  number={31},
  pages={17--22},
  year={2023},
  publisher={HM Publishers}
}

@inproceedings{kazemitabaar2023studying,
  title={Studying the effect of AI code generators on supporting novice learners in introductory programming},
  author={Kazemitabaar, Majeed and Chow, Justin and Ma, Carl Ka To and Ericson, Barbara J and Weintrop, David and Grossman, Tovi},
  booktitle={Proceedings of the 2023 CHI Conference on Human Factors in Computing Systems},
  pages={1--23},
  year={2023}
}

@inproceedings{kazemitabaar2023novices,
  title={How novices use LLM-based code generators to solve CS1 coding tasks in a self-paced learning environment},
  author={Kazemitabaar, Majeed and Hou, Xinying and Henley, Austin and Ericson, Barbara Jane and Weintrop, David and Grossman, Tovi},
  booktitle={Proceedings of the 23rd Koli calling international conference on computing education research},
  pages={1--12},
  year={2023}
}

@article{prather2023s,
  title={“It’s weird that it knows what i want”: Usability and interactions with copilot for novice programmers},
  author={Prather, James and Reeves, Brent N and Denny, Paul and Becker, Brett A and Leinonen, Juho and Luxton-Reilly, Andrew and Powell, Garrett and Finnie-Ansley, James and Santos, Eddie Antonio},
  journal={ACM transactions on computer-human interaction},
  volume={31},
  number={1},
  pages={1--31},
  year={2023},
  publisher={ACM New York, NY}
}

@inproceedings{sheese2024patterns,
  title={Patterns of student help-seeking when using a large language model-powered programming assistant},
  author={Sheese, Brad and Liffiton, Mark and Savelka, Jaromir and Denny, Paul},
  booktitle={Proceedings of the 26th Australasian computing education conference},
  pages={49--57},
  year={2024}
}

@article{yan2024intelliexplain,
  title={IntelliExplain: Enhancing Conversational Code Generation for Non-Professional Programmers},
  author={Yan, Hao and Latoza, Thomas D and Yao, Ziyu},
  journal={arXiv preprint arXiv:2405.10250},
  year={2024}
}

@article{lahiri2022interactive,
  title={Interactive code generation via test-driven user-intent formalization},
  author={Lahiri, Shuvendu K and Fakhoury, Sarah and Naik, Aaditya and Sakkas, Georgios and Chakraborty, Saikat and Musuvathi, Madanlal and Choudhury, Piali and von Veh, Curtis and Inala, Jeevana Priya and Wang, Chenglong and others},
  journal={arXiv preprint arXiv:2208.05950},
  year={2022}
}

@article{fakhoury2024llm,
  title={Llm-based test-driven interactive code generation: User study and empirical evaluation},
  author={Fakhoury, Sarah and Naik, Aaditya and Sakkas, Georgios and Chakraborty, Saikat and Lahiri, Shuvendu K},
  journal={IEEE Transactions on Software Engineering},
  year={2024},
  publisher={IEEE}
}

@inproceedings{beyer2023svcomp, author = {Beyer, Dirk}, title = {Competition on Software Verification and Witness Validation: SV-COMP 2023}, year = {2023}, isbn = {978-3-031-30819-2}, publisher = {Springer-Verlag}, address = {Berlin, Heidelberg}, booktitle = {Tools and Algorithms for the Construction and Analysis of Systems: 29th International Conference, TACAS 2023, Held as Part of the European Joint Conferences on Theory and Practice of Software, ETAPS 2023, Paris, France, April 22–27, 2023, Proceedings, Part II}, pages = {495–522}, numpages = {28}, keywords = {Formal Verification, Program Analysis, Competition, Software Verification, Verification Tasks, Benchmark, C Language, Java Language, SV-Benchmarks, BenchExec, CoVeriTeam}, location = {Paris, France} }

@inproceedings{beyer2012ldv, author = {Beyer, Dirk and Petrenko, Alexander K.}, title = {Linux driver verification}, year = {2012}, isbn = {9783642340314}, publisher = {Springer-Verlag}, address = {Berlin, Heidelberg}, booktitle = {Proceedings of the 5th International Conference on Leveraging Applications of Formal Methods, Verification and Validation: Applications and Case Studies - Volume Part II}, pages = {1–6}, numpages = {6}, location = {Heraklion, Crete, Greece}, series = {ISoLA'12} }