@inproceedings{brown2020gpt3,
  author       = {Tom B. Brown and
                  Benjamin Mann and
                  Nick Ryder and
                  Melanie Subbiah and
                  Jared Kaplan and
                  Prafulla Dhariwal and
                  Arvind Neelakantan and
                  Pranav Shyam and
                  Girish Sastry and
                  Amanda Askell and
                  Sandhini Agarwal and
                  Ariel Herbert{-}Voss and
                  Gretchen Krueger and
                  Tom Henighan and
                  Rewon Child and
                  Aditya Ramesh and
                  Daniel M. Ziegler and
                  Jeffrey Wu and
                  Clemens Winter and
                  Christopher Hesse and
                  Mark Chen and
                  Eric Sigler and
                  Mateusz Litwin and
                  Scott Gray and
                  Benjamin Chess and
                  Jack Clark and
                  Christopher Berner and
                  Sam McCandlish and
                  Alec Radford and
                  Ilya Sutskever and
                  Dario Amodei},
  editor       = {Hugo Larochelle and
                  Marc'Aurelio Ranzato and
                  Raia Hadsell and
                  Maria{-}Florina Balcan and
                  Hsuan{-}Tien Lin},
  title        = {Language Models are Few-Shot Learners},
  booktitle    = {Advances in Neural Information Processing Systems 33: Annual Conference
                  on Neural Information Processing Systems 2020, NeurIPS 2020, December
                  6-12, 2020, virtual},
  year         = {2020},
  url          = {https://proceedings.neurips.cc/paper/2020/hash/1457c0d6bfcb4967418bfb8ac142f64a-Abstract.html},
  timestamp    = {Thu, 25 May 2023 10:38:31 +0200},
  biburl       = {https://dblp.org/rec/conf/nips/BrownMRSKDNSSAA20.bib},
  bibsource    = {dblp computer science bibliography, https://dblp.org}
}


@article{thoppilan202lamda,
  author       = {Romal Thoppilan and
                  Daniel De Freitas and
                  Jamie Hall and
                  Noam Shazeer and
                  Apoorv Kulshreshtha and
                  Heng{-}Tze Cheng and
                  Alicia Jin and
                  Taylor Bos and
                  Leslie Baker and
                  Yu Du and
                  YaGuang Li and
                  Hongrae Lee and
                  Huaixiu Steven Zheng and
                  Amin Ghafouri and
                  Marcelo Menegali and
                  Yanping Huang and
                  Maxim Krikun and
                  Dmitry Lepikhin and
                  James Qin and
                  Dehao Chen and
                  Yuanzhong Xu and
                  Zhifeng Chen and
                  Adam Roberts and
                  Maarten Bosma and
                  Yanqi Zhou and
                  Chung{-}Ching Chang and
                  Igor Krivokon and
                  Will Rusch and
                  Marc Pickett and
                  Kathleen S. Meier{-}Hellstern and
                  Meredith Ringel Morris and
                  Tulsee Doshi and
                  Renelito Delos Santos and
                  Toju Duke and
                  Johnny Soraker and
                  Ben Zevenbergen and
                  Vinodkumar Prabhakaran and
                  Mark Diaz and
                  Ben Hutchinson and
                  Kristen Olson and
                  Alejandra Molina and
                  Erin Hoffman{-}John and
                  Josh Lee and
                  Lora Aroyo and
                  Ravi Rajakumar and
                  Alena Butryna and
                  Matthew Lamm and
                  Viktoriya Kuzmina and
                  Joe Fenton and
                  Aaron Cohen and
                  Rachel Bernstein and
                  Ray Kurzweil and
                  Blaise Ag{\"{u}}era y Arcas and
                  Claire Cui and
                  Marian Croak and
                  Ed H. Chi and
                  Quoc Le},
  title        = {LaMDA: Language Models for Dialog Applications},
  journal      = {CoRR},
  volume       = {abs/2201.08239},
  year         = {2022},
  url          = {https://arxiv.org/abs/2201.08239},
  eprinttype    = {arXiv},
  eprint       = {2201.08239},
  timestamp    = {Fri, 16 Jun 2023 12:07:56 +0200},
  biburl       = {https://dblp.org/rec/journals/corr/abs-2201-08239.bib},
  bibsource    = {dblp computer science bibliography, https://dblp.org}
}


@article{chowdhery2022palm,
  author       = {Aakanksha Chowdhery and
                  Sharan Narang and
                  Jacob Devlin and
                  Maarten Bosma and
                  Gaurav Mishra and
                  Adam Roberts and
                  Paul Barham and
                  Hyung Won Chung and
                  Charles Sutton and
                  Sebastian Gehrmann and
                  Parker Schuh and
                  Kensen Shi and
                  Sasha Tsvyashchenko and
                  Joshua Maynez and
                  Abhishek Rao and
                  Parker Barnes and
                  Yi Tay and
                  Noam Shazeer and
                  Vinodkumar Prabhakaran and
                  Emily Reif and
                  Nan Du and
                  Ben Hutchinson and
                  Reiner Pope and
                  James Bradbury and
                  Jacob Austin and
                  Michael Isard and
                  Guy Gur{-}Ari and
                  Pengcheng Yin and
                  Toju Duke and
                  Anselm Levskaya and
                  Sanjay Ghemawat and
                  Sunipa Dev and
                  Henryk Michalewski and
                  Xavier Garcia and
                  Vedant Misra and
                  Kevin Robinson and
                  Liam Fedus and
                  Denny Zhou and
                  Daphne Ippolito and
                  David Luan and
                  Hyeontaek Lim and
                  Barret Zoph and
                  Alexander Spiridonov and
                  Ryan Sepassi and
                  David Dohan and
                  Shivani Agrawal and
                  Mark Omernick and
                  Andrew M. Dai and
                  Thanumalayan Sankaranarayana Pillai and
                  Marie Pellat and
                  Aitor Lewkowycz and
                  Erica Moreira and
                  Rewon Child and
                  Oleksandr Polozov and
                  Katherine Lee and
                  Zongwei Zhou and
                  Xuezhi Wang and
                  Brennan Saeta and
                  Mark Diaz and
                  Orhan Firat and
                  Michele Catasta and
                  Jason Wei and
                  Kathy Meier{-}Hellstern and
                  Douglas Eck and
                  Jeff Dean and
                  Slav Petrov and
                  Noah Fiedel},
  title        = {PaLM: Scaling Language Modeling with Pathways},
  journal      = {CoRR},
  volume       = {abs/2204.02311},
  year         = {2022},
  url          = {https://doi.org/10.48550/arXiv.2204.02311},
  doi          = {10.48550/arXiv.2204.02311},
  eprinttype    = {arXiv},
  eprint       = {2204.02311},
  timestamp    = {Tue, 16 Aug 2022 23:07:05 +0200},
  biburl       = {https://dblp.org/rec/journals/corr/abs-2204-02311.bib},
  bibsource    = {dblp computer science bibliography, https://dblp.org}
}


@inproceedings{ouyang2022instructgpt,
  author       = {Long Ouyang and
                  Jeffrey Wu and
                  Xu Jiang and
                  Diogo Almeida and
                  Carroll L. Wainwright and
                  Pamela Mishkin and
                  Chong Zhang and
                  Sandhini Agarwal and
                  Katarina Slama and
                  Alex Ray and
                  John Schulman and
                  Jacob Hilton and
                  Fraser Kelton and
                  Luke Miller and
                  Maddie Simens and
                  Amanda Askell and
                  Peter Welinder and
                  Paul F. Christiano and
                  Jan Leike and
                  Ryan Lowe},
  title        = {Training language models to follow instructions with human feedback},
  booktitle    = {NeurIPS},
  year         = {2022},
  url          = {http://papers.nips.cc/paper\_files/paper/2022/hash/b1efde53be364a73914f58805a001731-Abstract-Conference.html},
  timestamp    = {Thu, 11 May 2023 17:08:21 +0200},
  biburl       = {https://dblp.org/rec/conf/nips/Ouyang0JAWMZASR22.bib},
  bibsource    = {dblp computer science bibliography, https://dblp.org}
}


@article{openai203gpt4,
  author       = {OpenAI},
  title        = {{GPT-4} Technical Report},
  journal      = {CoRR},
  volume       = {abs/2303.08774},
  year         = {2023},
  url          = {https://doi.org/10.48550/arXiv.2303.08774},
  doi          = {10.48550/arXiv.2303.08774},
  eprinttype    = {arXiv},
  eprint       = {2303.08774},
  timestamp    = {Mon, 20 Mar 2023 15:23:19 +0100},
  biburl       = {https://dblp.org/rec/journals/corr/abs-2303-08774.bib},
  bibsource    = {dblp computer science bibliography, https://dblp.org}
}


@article{touvron203llama,
  author       = {Hugo Touvron and
                  Thibaut Lavril and
                  Gautier Izacard and
                  Xavier Martinet and
                  Marie{-}Anne Lachaux and
                  Timoth{\'{e}}e Lacroix and
                  Baptiste Rozi{\`{e}}re and
                  Naman Goyal and
                  Eric Hambro and
                  Faisal Azhar and
                  Aur{\'{e}}lien Rodriguez and
                  Armand Joulin and
                  Edouard Grave and
                  Guillaume Lample},
  title        = {LLaMA: Open and Efficient Foundation Language Models},
  journal      = {CoRR},
  volume       = {abs/2302.13971},
  year         = {2023},
  url          = {https://doi.org/10.48550/arXiv.2302.13971},
  doi          = {10.48550/arXiv.2302.13971},
  eprinttype    = {arXiv},
  eprint       = {2302.13971},
  timestamp    = {Tue, 28 Feb 2023 14:02:05 +0100},
  biburl       = {https://dblp.org/rec/journals/corr/abs-2302-13971.bib},
  bibsource    = {dblp computer science bibliography, https://dblp.org}
}


@inproceedings{wei2022cot,
  author       = {Jason Wei and
                  Xuezhi Wang and
                  Dale Schuurmans and
                  Maarten Bosma and
                  Brian Ichter and
                  Fei Xia and
                  Ed H. Chi and
                  Quoc V. Le and
                  Denny Zhou},
  title        = {Chain-of-Thought Prompting Elicits Reasoning in Large Language Models},
  booktitle    = {NeurIPS},
  year         = {2022},
  url          = {http://papers.nips.cc/paper\_files/paper/2022/hash/9d5609613524ecf4f15af0f7b31abca4-Abstract-Conference.html},
  timestamp    = {Thu, 11 May 2023 17:08:21 +0200},
  biburl       = {https://dblp.org/rec/conf/nips/Wei0SBIXCLZ22.bib},
  bibsource    = {dblp computer science bibliography, https://dblp.org}
}


@inproceedings{Kojima022zerocot,
  author       = {Takeshi Kojima and
                  Shixiang Shane Gu and
                  Machel Reid and
                  Yutaka Matsuo and
                  Yusuke Iwasawa},
  title        = {Large Language Models are Zero-Shot Reasoners},
  booktitle    = {NeurIPS},
  year         = {2022},
  url          = {http://papers.nips.cc/paper\_files/paper/2022/hash/8bb0d291acd4acf06ef112099c16f326-Abstract-Conference.html},
  timestamp    = {Thu, 11 May 2023 17:08:21 +0200},
  biburl       = {https://dblp.org/rec/conf/nips/KojimaGRMI22.bib},
  bibsource    = {dblp computer science bibliography, https://dblp.org}
}


@inproceedings{zhou2023ltm,
  author       = {Denny Zhou and
                  Nathanael Sch{\"{a}}rli and
                  Le Hou and
                  Jason Wei and
                  Nathan Scales and
                  Xuezhi Wang and
                  Dale Schuurmans and
                  Claire Cui and
                  Olivier Bousquet and
                  Quoc V. Le and
                  Ed H. Chi},
  title        = {Least-to-Most Prompting Enables Complex Reasoning in Large Language
                  Models},
  booktitle    = {The Eleventh International Conference on Learning Representations,
                  {ICLR} 2023, Kigali, Rwanda, May 1-5, 2023},
  publisher    = {OpenReview.net},
  year         = {2023},
  url          = {https://openreview.net/pdf?id=WZH7099tgfM},
  timestamp    = {Fri, 30 Jun 2023 14:55:53 +0200},
  biburl       = {https://dblp.org/rec/conf/iclr/ZhouSHWS0SCBLC23.bib},
  bibsource    = {dblp computer science bibliography, https://dblp.org}
}


@inproceedings{Khot2023decomp,
  author       = {Tushar Khot and
                  Harsh Trivedi and
                  Matthew Finlayson and
                  Yao Fu and
                  Kyle Richardson and
                  Peter Clark and
                  Ashish Sabharwal},
  title        = {Decomposed Prompting: {A} Modular Approach for Solving Complex Tasks},
  booktitle    = {The Eleventh International Conference on Learning Representations,
                  {ICLR} 2023, Kigali, Rwanda, May 1-5, 2023},
  publisher    = {OpenReview.net},
  year         = {2023},
  url          = {https://openreview.net/pdf?id=\_nGgzQjzaRy},
  timestamp    = {Fri, 30 Jun 2023 14:55:53 +0200},
  biburl       = {https://dblp.org/rec/conf/iclr/KhotTFF0CS23.bib},
  bibsource    = {dblp computer science bibliography, https://dblp.org}
}


@inproceedings{wang2023psp,
  author       = {Lei Wang and
                  Wanyu Xu and
                  Yihuai Lan and
                  Zhiqiang Hu and
                  Yunshi Lan and
                  Roy Ka{-}Wei Lee and
                  Ee{-}Peng Lim},
  editor       = {Anna Rogers and
                  Jordan L. Boyd{-}Graber and
                  Naoaki Okazaki},
  title        = {Plan-and-Solve Prompting: Improving Zero-Shot Chain-of-Thought Reasoning
                  by Large Language Models},
  booktitle    = {Proceedings of the 61st Annual Meeting of the Association for Computational
                  Linguistics (Volume 1: Long Papers), {ACL} 2023, Toronto, Canada,
                  July 9-14, 2023},
  pages        = {2609--2634},
  publisher    = {Association for Computational Linguistics},
  year         = {2023},
  url          = {https://aclanthology.org/2023.acl-long.147},
  timestamp    = {Thu, 13 Jul 2023 16:47:40 +0200},
  biburl       = {https://dblp.org/rec/conf/acl/WangXLHLLL23.bib},
  bibsource    = {dblp computer science bibliography, https://dblp.org}
}


@article{yao2023tot,
  author       = {Shunyu Yao and
                  Dian Yu and
                  Jeffrey Zhao and
                  Izhak Shafran and
                  Thomas L. Griffiths and
                  Yuan Cao and
                  Karthik Narasimhan},
  title        = {Tree of Thoughts: Deliberate Problem Solving with Large Language Models},
  journal      = {CoRR},
  volume       = {abs/2305.10601},
  year         = {2023},
  url          = {https://doi.org/10.48550/arXiv.2305.10601},
  doi          = {10.48550/arXiv.2305.10601},
  eprinttype    = {arXiv},
  eprint       = {2305.10601},
  timestamp    = {Thu, 25 May 2023 15:41:47 +0200},
  biburl       = {https://dblp.org/rec/journals/corr/abs-2305-10601.bib},
  bibsource    = {dblp computer science bibliography, https://dblp.org}
}



@inproceedings{yao2023react,
  author       = {Shunyu Yao and
                  Jeffrey Zhao and
                  Dian Yu and
                  Nan Du and
                  Izhak Shafran and
                  Karthik R. Narasimhan and
                  Yuan Cao},
  title        = {ReAct: Synergizing Reasoning and Acting in Language Models},
  booktitle    = {The Eleventh International Conference on Learning Representations,
                  {ICLR} 2023, Kigali, Rwanda, May 1-5, 2023},
  publisher    = {OpenReview.net},
  year         = {2023},
  url          = {https://openreview.net/pdf?id=WE\_vluYUL-X},
  timestamp    = {Fri, 30 Jun 2023 14:55:52 +0200},
  biburl       = {https://dblp.org/rec/conf/iclr/YaoZYDSN023.bib},
  bibsource    = {dblp computer science bibliography, https://dblp.org}
}


@article{shinn203reflexion,
  author       = {Noah Shinn and
                  Beck Labash and
                  Ashwin Gopinath},
  title        = {Reflexion: an autonomous agent with dynamic memory and self-reflection},
  journal      = {CoRR},
  volume       = {abs/2303.11366},
  year         = {2023},
  url          = {https://doi.org/10.48550/arXiv.2303.11366},
  doi          = {10.48550/arXiv.2303.11366},
  eprinttype    = {arXiv},
  eprint       = {2303.11366},
  timestamp    = {Wed, 22 Mar 2023 14:41:36 +0100},
  biburl       = {https://dblp.org/rec/journals/corr/abs-2303-11366.bib},
  bibsource    = {dblp computer science bibliography, https://dblp.org}
}


@article{madaan2023self-refine,
  author       = {Aman Madaan and
                  Niket Tandon and
                  Prakhar Gupta and
                  Skyler Hallinan and
                  Luyu Gao and
                  Sarah Wiegreffe and
                  Uri Alon and
                  Nouha Dziri and
                  Shrimai Prabhumoye and
                  Yiming Yang and
                  Sean Welleck and
                  Bodhisattwa Prasad Majumder and
                  Shashank Gupta and
                  Amir Yazdanbakhsh and
                  Peter Clark},
  title        = {Self-Refine: Iterative Refinement with Self-Feedback},
  journal      = {CoRR},
  volume       = {abs/2303.17651},
  year         = {2023},
  url          = {https://doi.org/10.48550/arXiv.2303.17651},
  doi          = {10.48550/arXiv.2303.17651},
  eprinttype    = {arXiv},
  eprint       = {2303.17651},
  timestamp    = {Mon, 17 Apr 2023 10:34:50 +0200},
  biburl       = {https://dblp.org/rec/journals/corr/abs-2303-17651.bib},
  bibsource    = {dblp computer science bibliography, https://dblp.org}
}


@inproceedings{zhang2033auto-cot,
  author       = {Zhuosheng Zhang and
                  Aston Zhang and
                  Mu Li and
                  Alex Smola},
  title        = {Automatic Chain of Thought Prompting in Large Language Models},
  booktitle    = {The Eleventh International Conference on Learning Representations,
                  {ICLR} 2023, Kigali, Rwanda, May 1-5, 2023},
  publisher    = {OpenReview.net},
  year         = {2023},
  url          = {https://openreview.net/pdf?id=5NTt8GFjUHkr},
  timestamp    = {Fri, 30 Jun 2023 14:55:53 +0200},
  biburl       = {https://dblp.org/rec/conf/iclr/0001Z0S23.bib},
  bibsource    = {dblp computer science bibliography, https://dblp.org}
}


@article{park2023generative_agents,
  author       = {Joon Sung Park and
                  Joseph C. O'Brien and
                  Carrie J. Cai and
                  Meredith Ringel Morris and
                  Percy Liang and
                  Michael S. Bernstein},
  title        = {Generative Agents: Interactive Simulacra of Human Behavior},
  journal      = {CoRR},
  volume       = {abs/2304.03442},
  year         = {2023},
  url          = {https://doi.org/10.48550/arXiv.2304.03442},
  doi          = {10.48550/arXiv.2304.03442},
  eprinttype    = {arXiv},
  eprint       = {2304.03442},
  timestamp    = {Tue, 18 Apr 2023 17:25:12 +0200},
  biburl       = {https://dblp.org/rec/journals/corr/abs-2304-03442.bib},
  bibsource    = {dblp computer science bibliography, https://dblp.org}
}


@inproceedings{lyu2023z-icl,
  author       = {Xinxi Lyu and
                  Sewon Min and
                  Iz Beltagy and
                  Luke Zettlemoyer and
                  Hannaneh Hajishirzi},
  editor       = {Anna Rogers and
                  Jordan L. Boyd{-}Graber and
                  Naoaki Okazaki},
  title        = {{Z-ICL:} Zero-Shot In-Context Learning with Pseudo-Demonstrations},
  booktitle    = {Proceedings of the 61st Annual Meeting of the Association for Computational
                  Linguistics (Volume 1: Long Papers), {ACL} 2023, Toronto, Canada,
                  July 9-14, 2023},
  pages        = {2304--2317},
  publisher    = {Association for Computational Linguistics},
  year         = {2023},
  url          = {https://aclanthology.org/2023.acl-long.129},
  timestamp    = {Thu, 13 Jul 2023 16:47:40 +0200},
  biburl       = {https://dblp.org/rec/conf/acl/LyuMBZH23.bib},
  bibsource    = {dblp computer science bibliography, https://dblp.org}
}


@article{li2023mot,
  author       = {Xiaonan Li and
                  Xipeng Qiu},
  title        = {MoT: Pre-thinking and Recalling Enable ChatGPT to Self-Improve with
                  Memory-of-Thoughts},
  journal      = {CoRR},
  volume       = {abs/2305.05181},
  year         = {2023},
  url          = {https://doi.org/10.48550/arXiv.2305.05181},
  doi          = {10.48550/arXiv.2305.05181},
  eprinttype    = {arXiv},
  eprint       = {2305.05181},
  timestamp    = {Fri, 12 May 2023 16:06:58 +0200},
  biburl       = {https://dblp.org/rec/journals/corr/abs-2305-05181.bib},
  bibsource    = {dblp computer science bibliography, https://dblp.org}
}


@article{chen2022pot,
  author       = {Wenhu Chen and
                  Xueguang Ma and
                  Xinyi Wang and
                  William W. Cohen},
  title        = {Program of Thoughts Prompting: Disentangling Computation from Reasoning
                  for Numerical Reasoning Tasks},
  journal      = {CoRR},
  volume       = {abs/2211.12588},
  year         = {2022},
  url          = {https://doi.org/10.48550/arXiv.2211.12588},
  doi          = {10.48550/arXiv.2211.12588},
  eprinttype    = {arXiv},
  eprint       = {2211.12588},
  timestamp    = {Tue, 29 Nov 2022 17:41:18 +0100},
  biburl       = {https://dblp.org/rec/journals/corr/abs-2211-12588.bib},
  bibsource    = {dblp computer science bibliography, https://dblp.org}
}


@article{zheng2023php,
  author       = {Chuanyang Zheng and
                  Zhengying Liu and
                  Enze Xie and
                  Zhenguo Li and
                  Yu Li},
  title        = {Progressive-Hint Prompting Improves Reasoning in Large Language Models},
  journal      = {CoRR},
  volume       = {abs/2304.09797},
  year         = {2023},
  url          = {https://doi.org/10.48550/arXiv.2304.09797},
  doi          = {10.48550/arXiv.2304.09797},
  eprinttype    = {arXiv},
  eprint       = {2304.09797},
  timestamp    = {Mon, 24 Apr 2023 15:03:18 +0200},
  biburl       = {https://dblp.org/rec/journals/corr/abs-2304-09797.bib},
  bibsource    = {dblp computer science bibliography, https://dblp.org}
}


@article{dong2023code-agent,
  author       = {Yihong Dong and
                  Xue Jiang and
                  Zhi Jin and
                  Ge Li},
  title        = {Self-collaboration Code Generation via ChatGPT},
  journal      = {CoRR},
  volume       = {abs/2304.07590},
  year         = {2023},
  url          = {https://doi.org/10.48550/arXiv.2304.07590},
  doi          = {10.48550/arXiv.2304.07590},
  eprinttype    = {arXiv},
  eprint       = {2304.07590},
  timestamp    = {Fri, 21 Apr 2023 11:01:56 +0200},
  biburl       = {https://dblp.org/rec/journals/corr/abs-2304-07590.bib},
  bibsource    = {dblp computer science bibliography, https://dblp.org}
}


@article{li2023camel,
  author       = {Guohao Li and
                  Hasan Abed Al Kader Hammoud and
                  Hani Itani and
                  Dmitrii Khizbullin and
                  Bernard Ghanem},
  title        = {{CAMEL:} Communicative Agents for "Mind" Exploration of Large Scale
                  Language Model Society},
  journal      = {CoRR},
  volume       = {abs/2303.17760},
  year         = {2023},
  url          = {https://doi.org/10.48550/arXiv.2303.17760},
  doi          = {10.48550/arXiv.2303.17760},
  eprinttype    = {arXiv},
  eprint       = {2303.17760},
  timestamp    = {Mon, 17 Apr 2023 10:34:50 +0200},
  biburl       = {https://dblp.org/rec/journals/corr/abs-2303-17760.bib},
  bibsource    = {dblp computer science bibliography, https://dblp.org}
}


@inproceedings{fu2023complexity,
  author       = {Yao Fu and
                  Hao Peng and
                  Ashish Sabharwal and
                  Peter Clark and
                  Tushar Khot},
  title        = {Complexity-Based Prompting for Multi-step Reasoning},
  booktitle    = {The Eleventh International Conference on Learning Representations,
                  {ICLR} 2023, Kigali, Rwanda, May 1-5, 2023},
  publisher    = {OpenReview.net},
  year         = {2023},
  url          = {https://openreview.net/pdf?id=yf1icZHC-l9},
  timestamp    = {Fri, 30 Jun 2023 14:55:53 +0200},
  biburl       = {https://dblp.org/rec/conf/iclr/FuPSCK23.bib},
  bibsource    = {dblp computer science bibliography, https://dblp.org}
}


@inproceedings{Koncel2016mawps,
  author       = {Rik Koncel{-}Kedziorski and
                  Subhro Roy and
                  Aida Amini and
                  Nate Kushman and
                  Hannaneh Hajishirzi},
  editor       = {Kevin Knight and
                  Ani Nenkova and
                  Owen Rambow},
  title        = {{MAWPS:} {A} Math Word Problem Repository},
  booktitle    = {{NAACL} {HLT} 2016, The 2016 Conference of the North American Chapter
                  of the Association for Computational Linguistics: Human Language Technologies,
                  San Diego California, USA, June 12-17, 2016},
  pages        = {1152--1157},
  publisher    = {The Association for Computational Linguistics},
  year         = {2016},
  url          = {https://doi.org/10.18653/v1/n16-1136},
  doi          = {10.18653/v1/n16-1136},
  timestamp    = {Fri, 06 Aug 2021 00:41:32 +0200},
  biburl       = {https://dblp.org/rec/conf/naacl/Koncel-Kedziorski16.bib},
  bibsource    = {dblp computer science bibliography, https://dblp.org}
}


@inproceedings{ling2017aqua,
  author       = {Wang Ling and
                  Dani Yogatama and
                  Chris Dyer and
                  Phil Blunsom},
  editor       = {Regina Barzilay and
                  Min{-}Yen Kan},
  title        = {Program Induction by Rationale Generation: Learning to Solve and Explain
                  Algebraic Word Problems},
  booktitle    = {Proceedings of the 55th Annual Meeting of the Association for Computational
                  Linguistics, {ACL} 2017, Vancouver, Canada, July 30 - August 4, Volume
                  1: Long Papers},
  pages        = {158--167},
  publisher    = {Association for Computational Linguistics},
  year         = {2017},
  url          = {https://doi.org/10.18653/v1/P17-1015},
  doi          = {10.18653/v1/P17-1015},
  timestamp    = {Fri, 06 Aug 2021 00:40:58 +0200},
  biburl       = {https://dblp.org/rec/conf/acl/LingYDB17.bib},
  bibsource    = {dblp computer science bibliography, https://dblp.org}
}


@article{Cobbe2021gsm8k,
  author       = {Karl Cobbe and
                  Vineet Kosaraju and
                  Mohammad Bavarian and
                  Mark Chen and
                  Heewoo Jun and
                  Lukasz Kaiser and
                  Matthias Plappert and
                  Jerry Tworek and
                  Jacob Hilton and
                  Reiichiro Nakano and
                  Christopher Hesse and
                  John Schulman},
  title        = {Training Verifiers to Solve Math Word Problems},
  journal      = {CoRR},
  volume       = {abs/2110.14168},
  year         = {2021},
  url          = {https://arxiv.org/abs/2110.14168},
  eprinttype    = {arXiv},
  eprint       = {2110.14168},
  timestamp    = {Mon, 12 Jun 2023 08:23:44 +0200},
  biburl       = {https://dblp.org/rec/journals/corr/abs-2110-14168.bib},
  bibsource    = {dblp computer science bibliography, https://dblp.org}
}


@inproceedings{patel2021svamp,
  author       = {Arkil Patel and
                  Satwik Bhattamishra and
                  Navin Goyal},
  editor       = {Kristina Toutanova and
                  Anna Rumshisky and
                  Luke Zettlemoyer and
                  Dilek Hakkani{-}T{\"{u}}r and
                  Iz Beltagy and
                  Steven Bethard and
                  Ryan Cotterell and
                  Tanmoy Chakraborty and
                  Yichao Zhou},
  title        = {Are {NLP} Models really able to Solve Simple Math Word Problems?},
  booktitle    = {Proceedings of the 2021 Conference of the North American Chapter of
                  the Association for Computational Linguistics: Human Language Technologies,
                  {NAACL-HLT} 2021, Online, June 6-11, 2021},
  pages        = {2080--2094},
  publisher    = {Association for Computational Linguistics},
  year         = {2021},
  url          = {https://doi.org/10.18653/v1/2021.naacl-main.168},
  doi          = {10.18653/v1/2021.naacl-main.168},
  timestamp    = {Fri, 06 Aug 2021 00:41:31 +0200},
  biburl       = {https://dblp.org/rec/conf/naacl/PatelBG21.bib},
  bibsource    = {dblp computer science bibliography, https://dblp.org}
}


@article{Koncel2015singleeq,
  author       = {Rik Koncel{-}Kedziorski and
                  Hannaneh Hajishirzi and
                  Ashish Sabharwal and
                  Oren Etzioni and
                  Siena Dumas Ang},
  title        = {Parsing Algebraic Word Problems into Equations},
  journal      = {Trans. Assoc. Comput. Linguistics},
  volume       = {3},
  pages        = {585--597},
  year         = {2015},
  url          = {https://doi.org/10.1162/tacl\_a\_00160},
  doi          = {10.1162/tacl\_a\_00160},
  timestamp    = {Fri, 10 Jun 2022 10:35:17 +0200},
  biburl       = {https://dblp.org/rec/journals/tacl/Koncel-Kedziorski15.bib},
  bibsource    = {dblp computer science bibliography, https://dblp.org}
}

@article{roy2015singleop,
  author       = {Subhro Roy and
                  Tim Vieira and
                  Dan Roth},
  title        = {Reasoning about Quantities in Natural Language},
  journal      = {Trans. Assoc. Comput. Linguistics},
  volume       = {3},
  pages        = {1--13},
  year         = {2015},
  url          = {https://doi.org/10.1162/tacl\_a\_00118},
  doi          = {10.1162/tacl\_a\_00118},
  timestamp    = {Fri, 10 Jun 2022 10:35:17 +0200},
  biburl       = {https://dblp.org/rec/journals/tacl/RoyVR15.bib},
  bibsource    = {dblp computer science bibliography, https://dblp.org}
}


@inproceedings{Talmor2019csqa,
  author       = {Alon Talmor and
                  Jonathan Herzig and
                  Nicholas Lourie and
                  Jonathan Berant},
  editor       = {Jill Burstein and
                  Christy Doran and
                  Thamar Solorio},
  title        = {CommonsenseQA: {A} Question Answering Challenge Targeting Commonsense
                  Knowledge},
  booktitle    = {Proceedings of the 2019 Conference of the North American Chapter of
                  the Association for Computational Linguistics: Human Language Technologies,
                  {NAACL-HLT} 2019, Minneapolis, MN, USA, June 2-7, 2019, Volume 1 (Long
                  and Short Papers)},
  pages        = {4149--4158},
  publisher    = {Association for Computational Linguistics},
  year         = {2019},
  url          = {https://doi.org/10.18653/v1/n19-1421},
  doi          = {10.18653/v1/n19-1421},
  timestamp    = {Fri, 06 Aug 2021 00:41:31 +0200},
  biburl       = {https://dblp.org/rec/conf/naacl/TalmorHLB19.bib},
  bibsource    = {dblp computer science bibliography, https://dblp.org}
}


@article{geva2021strategy,
  author       = {Mor Geva and
                  Daniel Khashabi and
                  Elad Segal and
                  Tushar Khot and
                  Dan Roth and
                  Jonathan Berant},
  title        = {Did Aristotle Use a Laptop? {A} Question Answering Benchmark with
                  Implicit Reasoning Strategies},
  journal      = {Trans. Assoc. Comput. Linguistics},
  volume       = {9},
  pages        = {346--361},
  year         = {2021},
  url          = {https://doi.org/10.1162/tacl\_a\_00370},
  doi          = {10.1162/tacl\_a\_00370},
  timestamp    = {Fri, 10 Jun 2022 10:35:17 +0200},
  biburl       = {https://dblp.org/rec/journals/tacl/GevaKSKRB21.bib},
  bibsource    = {dblp computer science bibliography, https://dblp.org}
}


@article{clark2018arc,
  author       = {Peter Clark and
                  Isaac Cowhey and
                  Oren Etzioni and
                  Tushar Khot and
                  Ashish Sabharwal and
                  Carissa Schoenick and
                  Oyvind Tafjord},
  title        = {Think you have Solved Question Answering? Try ARC, the {AI2} Reasoning
                  Challenge},
  journal      = {CoRR},
  volume       = {abs/1803.05457},
  year         = {2018},
  url          = {http://arxiv.org/abs/1803.05457},
  eprinttype    = {arXiv},
  eprint       = {1803.05457},
  timestamp    = {Mon, 13 Aug 2018 16:48:43 +0200},
  biburl       = {https://dblp.org/rec/journals/corr/abs-1803-05457.bib},
  bibsource    = {dblp computer science bibliography, https://dblp.org}
}

@article{Srivastava2022bigbench,
  author       = {Aarohi Srivastava and
                  Abhinav Rastogi and
                  Abhishek Rao and
                  Abu Awal Md Shoeb and
                  Abubakar Abid and
                  Adam Fisch and
                  Adam R. Brown and
                  Adam Santoro and
                  Aditya Gupta and
                  Adri{\`{a}} Garriga{-}Alonso and
                  Agnieszka Kluska and
                  Aitor Lewkowycz and
                  Akshat Agarwal and
                  Alethea Power and
                  Alex Ray and
                  Alex Warstadt and
                  Alexander W. Kocurek and
                  Ali Safaya and
                  Ali Tazarv and
                  Alice Xiang and
                  Alicia Parrish and
                  Allen Nie and
                  Aman Hussain and
                  Amanda Askell and
                  Amanda Dsouza and
                  Ameet Rahane and
                  Anantharaman S. Iyer and
                  Anders Andreassen and
                  Andrea Santilli and
                  Andreas Stuhlm{\"{u}}ller and
                  Andrew M. Dai and
                  Andrew La and
                  Andrew K. Lampinen and
                  Andy Zou and
                  Angela Jiang and
                  Angelica Chen and
                  Anh Vuong and
                  Animesh Gupta and
                  Anna Gottardi and
                  Antonio Norelli and
                  Anu Venkatesh and
                  Arash Gholamidavoodi and
                  Arfa Tabassum and
                  Arul Menezes and
                  Arun Kirubarajan and
                  Asher Mullokandov and
                  Ashish Sabharwal and
                  Austin Herrick and
                  Avia Efrat and
                  Aykut Erdem and
                  Ayla Karakas and
                  et al.},
  title        = {Beyond the Imitation Game: Quantifying and extrapolating the capabilities
                  of language models},
  journal      = {CoRR},
  volume       = {abs/2206.04615},
  year         = {2022},
  url          = {https://doi.org/10.48550/arXiv.2206.04615},
  doi          = {10.48550/arXiv.2206.04615},
  eprinttype    = {arXiv},
  eprint       = {2206.04615},
  timestamp    = {Tue, 16 Aug 2022 23:07:05 +0200},
  biburl       = {https://dblp.org/rec/journals/corr/abs-2206-04615.bib},
  bibsource    = {dblp computer science bibliography, https://dblp.org}
}


@inproceedings{wang2023sc,
  author       = {Xuezhi Wang and
                  Jason Wei and
                  Dale Schuurmans and
                  Quoc V. Le and
                  Ed H. Chi and
                  Sharan Narang and
                  Aakanksha Chowdhery and
                  Denny Zhou},
  title        = {Self-Consistency Improves Chain of Thought Reasoning in Language Models},
  booktitle    = {The Eleventh International Conference on Learning Representations,
                  {ICLR} 2023, Kigali, Rwanda, May 1-5, 2023},
  publisher    = {OpenReview.net},
  year         = {2023},
  url          = {https://openreview.net/pdf?id=1PL1NIMMrw},
  timestamp    = {Fri, 30 Jun 2023 14:55:53 +0200},
  biburl       = {https://dblp.org/rec/conf/iclr/0002WSLCNCZ23.bib},
  bibsource    = {dblp computer science bibliography, https://dblp.org}
}

@inproceedings{zeng2023glm,
  author       = {Aohan Zeng and
                  Xiao Liu and
                  Zhengxiao Du and
                  Zihan Wang and
                  Hanyu Lai and
                  Ming Ding and
                  Zhuoyi Yang and
                  Yifan Xu and
                  Wendi Zheng and
                  Xiao Xia and
                  Weng Lam Tam and
                  Zixuan Ma and
                  Yufei Xue and
                  Jidong Zhai and
                  Wenguang Chen and
                  Zhiyuan Liu and
                  Peng Zhang and
                  Yuxiao Dong and
                  Jie Tang},
  title        = {{GLM-130B:} An Open Bilingual Pre-trained Model},
  booktitle    = {The Eleventh International Conference on Learning Representations,
                  {ICLR} 2023, Kigali, Rwanda, May 1-5, 2023},
  publisher    = {OpenReview.net},
  year         = {2023},
  url          = {https://openreview.net/pdf?id=-Aw0rrrPUF},
  timestamp    = {Fri, 30 Jun 2023 14:55:53 +0200},
  biburl       = {https://dblp.org/rec/conf/iclr/ZengLDWL0YXZXTM23.bib},
  bibsource    = {dblp computer science bibliography, https://dblp.org}
}


@article{Hoffmann2022chinchilla,
  author       = {Jordan Hoffmann and
                  Sebastian Borgeaud and
                  Arthur Mensch and
                  Elena Buchatskaya and
                  Trevor Cai and
                  Eliza Rutherford and
                  Diego de Las Casas and
                  Lisa Anne Hendricks and
                  Johannes Welbl and
                  Aidan Clark and
                  Tom Hennigan and
                  Eric Noland and
                  Katie Millican and
                  George van den Driessche and
                  Bogdan Damoc and
                  Aurelia Guy and
                  Simon Osindero and
                  Karen Simonyan and
                  Erich Elsen and
                  Jack W. Rae and
                  Oriol Vinyals and
                  Laurent Sifre},
  title        = {Training Compute-Optimal Large Language Models},
  journal      = {CoRR},
  volume       = {abs/2203.15556},
  year         = {2022},
  url          = {https://doi.org/10.48550/arXiv.2203.15556},
  doi          = {10.48550/arXiv.2203.15556},
  eprinttype    = {arXiv},
  eprint       = {2203.15556},
  timestamp    = {Mon, 04 Apr 2022 18:01:21 +0200},
  biburl       = {https://dblp.org/rec/journals/corr/abs-2203-15556.bib},
  bibsource    = {dblp computer science bibliography, https://dblp.org}
}


@inproceedings{qiao2023survey,
  author       = {Shuofei Qiao and
                  Yixin Ou and
                  Ningyu Zhang and
                  Xiang Chen and
                  Yunzhi Yao and
                  Shumin Deng and
                  Chuanqi Tan and
                  Fei Huang and
                  Huajun Chen},
  editor       = {Anna Rogers and
                  Jordan L. Boyd{-}Graber and
                  Naoaki Okazaki},
  title        = {Reasoning with Language Model Prompting: {A} Survey},
  booktitle    = {Proceedings of the 61st Annual Meeting of the Association for Computational
                  Linguistics (Volume 1: Long Papers), {ACL} 2023, Toronto, Canada,
                  July 9-14, 2023},
  pages        = {5368--5393},
  publisher    = {Association for Computational Linguistics},
  year         = {2023},
  url          = {https://doi.org/10.18653/v1/2023.acl-long.294},
  doi          = {10.18653/v1/2023.acl-long.294},
  timestamp    = {Thu, 10 Aug 2023 12:35:57 +0200},
  biburl       = {https://dblp.org/rec/conf/acl/QiaoO0CYDTHC23.bib},
  bibsource    = {dblp computer science bibliography, https://dblp.org}
}


@article{zhao2023expel,
  author       = {Andrew Zhao and
                  Daniel Huang and
                  Quentin Xu and
                  Matthieu Lin and
                  Yong{-}Jin Liu and
                  Gao Huang},
  title        = {ExpeL: {LLM} Agents Are Experiential Learners},
  journal      = {CoRR},
  volume       = {abs/2308.10144},
  year         = {2023},
  url          = {https://doi.org/10.48550/arXiv.2308.10144},
  doi          = {10.48550/ARXIV.2308.10144},
  eprinttype    = {arXiv},
  eprint       = {2308.10144},
  timestamp    = {Wed, 30 Aug 2023 15:34:14 +0200},
  biburl       = {https://dblp.org/rec/journals/corr/abs-2308-10144.bib},
  bibsource    = {dblp computer science bibliography, https://dblp.org}
}


@article{TOUVRON2023llama2,
  author       = {Hugo Touvron and
                  Louis Martin and
                  Kevin Stone and
                  Peter Albert and
                  Amjad Almahairi and
                  Yasmine Babaei and
                  Nikolay Bashlykov and
                  Soumya Batra and
                  Prajjwal Bhargava and
                  Shruti Bhosale and
                  Dan Bikel and
                  Lukas Blecher and
                  Cristian Canton{-}Ferrer and
                  Moya Chen and
                  Guillem Cucurull and
                  David Esiobu and
                  Jude Fernandes and
                  Jeremy Fu and
                  Wenyin Fu and
                  Brian Fuller and
                  Cynthia Gao and
                  Vedanuj Goswami and
                  Naman Goyal and
                  Anthony Hartshorn and
                  Saghar Hosseini and
                  Rui Hou and
                  Hakan Inan and
                  Marcin Kardas and
                  Viktor Kerkez and
                  Madian Khabsa and
                  Isabel Kloumann and
                  Artem Korenev and
                  Punit Singh Koura and
                  Marie{-}Anne Lachaux and
                  Thibaut Lavril and
                  Jenya Lee and
                  Diana Liskovich and
                  Yinghai Lu and
                  Yuning Mao and
                  Xavier Martinet and
                  Todor Mihaylov and
                  Pushkar Mishra and
                  Igor Molybog and
                  Yixin Nie and
                  Andrew Poulton and
                  Jeremy Reizenstein and
                  Rashi Rungta and
                  Kalyan Saladi and
                  Alan Schelten and
                  Ruan Silva and
                  Eric Michael Smith and
                  Ranjan Subramanian and
                  Xiaoqing Ellen Tan and
                  Binh Tang and
                  Ross Taylor and
                  Adina Williams and
                  Jian Xiang Kuan and
                  Puxin Xu and
                  Zheng Yan and
                  Iliyan Zarov and
                  Yuchen Zhang and
                  Angela Fan and
                  Melanie Kambadur and
                  Sharan Narang and
                  Aur{\'{e}}lien Rodriguez and
                  Robert Stojnic and
                  Sergey Edunov and
                  Thomas Scialom},
  title        = {Llama 2: Open Foundation and Fine-Tuned Chat Models},
  journal      = {CoRR},
  volume       = {abs/2307.09288},
  year         = {2023},
  url          = {https://doi.org/10.48550/arXiv.2307.09288},
  doi          = {10.48550/ARXIV.2307.09288},
  eprinttype    = {arXiv},
  eprint       = {2307.09288},
  timestamp    = {Mon, 28 Aug 2023 21:26:22 +0200},
  biburl       = {https://dblp.org/rec/journals/corr/abs-2307-09288.bib},
  bibsource    = {dblp computer science bibliography, https://dblp.org}
}


@article{zhang2023rememberer,
  author       = {Danyang Zhang and
                  Lu Chen and
                  Situo Zhang and
                  Hongshen Xu and
                  Zihan Zhao and
                  Kai Yu},
  title        = {Large Language Model Is Semi-Parametric Reinforcement Learning Agent},
  journal      = {CoRR},
  volume       = {abs/2306.07929},
  year         = {2023},
  url          = {https://doi.org/10.48550/arXiv.2306.07929},
  doi          = {10.48550/ARXIV.2306.07929},
  eprinttype    = {arXiv},
  eprint       = {2306.07929},
  timestamp    = {Sat, 17 Jun 2023 18:52:05 +0200},
  biburl       = {https://dblp.org/rec/journals/corr/abs-2306-07929.bib},
  bibsource    = {dblp computer science bibliography, https://dblp.org}
}


@inproceedings{madaan2022memprompt,
  author       = {Aman Madaan and
                  Niket Tandon and
                  Peter Clark and
                  Yiming Yang},
  editor       = {Yoav Goldberg and
                  Zornitsa Kozareva and
                  Yue Zhang},
  title        = {Memory-assisted prompt editing to improve {GPT-3} after deployment},
  booktitle    = {Proceedings of the 2022 Conference on Empirical Methods in Natural
                  Language Processing, {EMNLP} 2022, Abu Dhabi, United Arab Emirates,
                  December 7-11, 2022},
  pages        = {2833--2861},
  publisher    = {Association for Computational Linguistics},
  year         = {2022},
  url          = {https://doi.org/10.18653/v1/2022.emnlp-main.183},
  doi          = {10.18653/V1/2022.EMNLP-MAIN.183},
  timestamp    = {Thu, 10 Aug 2023 12:35:25 +0200},
  biburl       = {https://dblp.org/rec/conf/emnlp/MadaanTCY22.bib},
  bibsource    = {dblp computer science bibliography, https://dblp.org}
}


@inproceedings{reimers2013sbert,
  author       = {Nils Reimers and
                  Iryna Gurevych},
  editor       = {Kentaro Inui and
                  Jing Jiang and
                  Vincent Ng and
                  Xiaojun Wan},
  title        = {Sentence-BERT: Sentence Embeddings using Siamese BERT-Networks},
  booktitle    = {Proceedings of the 2019 Conference on Empirical Methods in Natural
                  Language Processing and the 9th International Joint Conference on
                  Natural Language Processing, {EMNLP-IJCNLP} 2019, Hong Kong, China,
                  November 3-7, 2019},
  pages        = {3980--3990},
  publisher    = {Association for Computational Linguistics},
  year         = {2019},
  url          = {https://doi.org/10.18653/v1/D19-1410},
  doi          = {10.18653/V1/D19-1410},
  timestamp    = {Thu, 07 Apr 2022 09:14:07 +0200},
  biburl       = {https://dblp.org/rec/conf/emnlp/ReimersG19.bib},
  bibsource    = {dblp computer science bibliography, https://dblp.org}
}


@inproceedings{Hosseini2014addsub,
  author       = {Mohammad Javad Hosseini and
                  Hannaneh Hajishirzi and
                  Oren Etzioni and
                  Nate Kushman},
  editor       = {Alessandro Moschitti and
                  Bo Pang and
                  Walter Daelemans},
  title        = {Learning to Solve Arithmetic Word Problems with Verb Categorization},
  booktitle    = {Proceedings of the 2014 Conference on Empirical Methods in Natural
                  Language Processing, {EMNLP} 2014, October 25-29, 2014, Doha, Qatar,
                  {A} meeting of SIGDAT, a Special Interest Group of the {ACL}},
  pages        = {523--533},
  publisher    = {{ACL}},
  year         = {2014},
  url          = {https://doi.org/10.3115/v1/d14-1058},
  doi          = {10.3115/V1/D14-1058},
  timestamp    = {Fri, 06 Aug 2021 00:40:41 +0200},
  biburl       = {https://dblp.org/rec/conf/emnlp/HosseiniHEK14.bib},
  bibsource    = {dblp computer science bibliography, https://dblp.org}
}


@article{yasunaga2023analogical_prompting,
  author       = {Michihiro Yasunaga and
                  Xinyun Chen and
                  Yujia Li and
                  Panupong Pasupat and
                  Jure Leskovec and
                  Percy Liang and
                  Ed H. Chi and
                  Denny Zhou},
  title        = {Large Language Models as Analogical Reasoners},
  journal      = {CoRR},
  volume       = {abs/2310.01714},
  year         = {2023},
  url          = {https://doi.org/10.48550/arXiv.2310.01714},
  doi          = {10.48550/ARXIV.2310.01714},
  eprinttype    = {arXiv},
  eprint       = {2310.01714},
  timestamp    = {Thu, 19 Oct 2023 13:12:52 +0200},
  biburl       = {https://dblp.org/rec/journals/corr/abs-2310-01714.bib},
  bibsource    = {dblp computer science bibliography, https://dblp.org}
}


@article{sun2024moss,
  author       = {Tianxiang Sun and
                  Xiaotian Zhang and
                  Zhengfu He and
                  Peng Li and
                  Qinyuan Cheng and
                  Xiangyang Liu and
                  Hang Yan and
                  Yunfan Shao and
                  Qiong Tang and
                  Shiduo Zhang and
                  Xingjian Zhao and
                  Ke Chen and
                  Yining Zheng and
                  Zhejian Zhou and
                  Ruixiao Li and
                  Jun Zhan and
                  Yunhua Zhou and
                  Linyang Li and
                  Xiaogui Yang and
                  Lingling Wu and
                  Zhangyue Yin and
                  Xuanjing Huang and
                  Yu{-}Gang Jiang and
                  Xipeng Qiu},
  title        = {{MOSS:} An Open Conversational Large Language Model},
  journal      = {Mach. Intell. Res.},
  volume       = {21},
  number       = {5},
  pages        = {888--905},
  year         = {2024},
  url          = {https://doi.org/10.1007/s11633-024-1502-8},
  doi          = {10.1007/S11633-024-1502-8},
  timestamp    = {Fri, 20 Sep 2024 14:01:56 +0200},
  biburl       = {https://dblp.org/rec/journals/ijautcomp/SunZHLCLYSTZZCZZLZZLYWY24.bib},
  bibsource    = {dblp computer science bibliography, https://dblp.org}
}


@article{luo2024icl_survey,
  author       = {Man Luo and
                  Xin Xu and
                  Yue Liu and
                  Panupong Pasupat and
                  Mehran Kazemi},
  title        = {In-context Learning with Retrieved Demonstrations for Language Models:
                  {A} Survey},
  journal      = {CoRR},
  volume       = {abs/2401.11624},
  year         = {2024},
  url          = {https://doi.org/10.48550/arXiv.2401.11624},
  doi          = {10.48550/ARXIV.2401.11624},
  eprinttype    = {arXiv},
  eprint       = {2401.11624},
  timestamp    = {Mon, 05 Feb 2024 16:06:53 +0100},
  biburl       = {https://dblp.org/rec/journals/corr/abs-2401-11624.bib},
  bibsource    = {dblp computer science bibliography, https://dblp.org}
}