@misc{Authors14,
 author = {Full Author Name},
 title = {The Frobnicatable Foo Filter},
 note = {Face and Gesture  submission ID 324. Supplied as additional material {\tt fg324.pdf}},
 year = 2014
}

@misc{Authors14b,
 author = {Full Author Name},
 title = {Frobnication Tutorial},
 note = {Supplied as additional material {\tt tr.pdf}},
 year = 2014
}

@article{Alpher02,
author = {Alvin Alpher},
title = {Frobnication},
journal = {Journal of Foo},
volume = 12, 
number = 1, 
pages = {234--778}, 
year = 2002
}

@article{Alpher03,
author = {Alvin Alpher and Ferris P.~N. Fotheringham-Smythe},
title = {Frobnication Revisited},
journal = {Journal of Foo},
volume = 13, 
number = 1, 
pages = {234--778}, 
year = 2003
}

@article{Alpher04,
author = {Alvin Alpher and Ferris P.~N. Fotheringham-Smythe and Gavin Gamow},
title = {Can a Machine Frobnicate?},
journal = {Journal of Foo},
volume = 14, 
number = 1, 
pages = {234--778}, 
year = 2004
}


@TechReport{mitchell80,
  author = 	 "T. M. Mitchell",
  title = 	 "The Need for Biases in Learning Generalizations",
  institution =  "Computer Science Department, Rutgers University",
  year = 	 "1980",
  address =	 "New Brunswick, MA",
}

@phdthesis{kearns89,
  author = {M. J. Kearns},
  title =  {Computational Complexity of Machine Learning},
  school = {Department of Computer Science, Harvard University},
  year =   {1989}
}

@Book{MachineLearningI,
  editor = 	 "R. S. Michalski and J. G. Carbonell and T.
		  M. Mitchell",
  title = 	 "Machine Learning: An Artificial Intelligence
		  Approach, Vol. I",
  publisher = 	 "Tioga",
  year = 	 "1983",
  address =	 "Palo Alto, CA"
}

@Book{DudaHart2nd,
  author =       "R. O. Duda and P. E. Hart and D. G. Stork",
  title =        "Pattern Classification",
  publisher =    "John Wiley and Sons",
  edition =      "2nd",
  year =         "2000"
}

@misc{anonymous,
  title= {Suppressed for Anonymity},
  author= {Author, N. N.},
  year= {2021}
}

@article{zhang17er,
    author    = {S. Zhang and R. Sutton},
    title     = {A deeper look at experience replay},
    year      = {2017},
    journal   = {arXiv preprint arXiv:1712.01275},
}


%%%%%%%%%%%%%%%
% Activations %
%%%%%%%%%%%%%%%

 % MaxOut activations
@inproceedings{goodfellow13,
	author    = {I. J. Goodfellow and D. Warde-farley and M. Mirza and A. Courville and Y. Bengio},
	title     = {Maxout Networks},
	year      = {2013},
	booktitle     = {ICML}
}

 % LeakyReLu activations
@inproceedings{maas13,
	author    = {A. L. Maas and A. Y. Hannun and A. Y. Ng},
	title     = {Rectifier nonlinearities improve neural network acoustic models.},
	year      = {2013},
	booktitle     = {ICML}
}

% ReLu activations
@inproceedings{nair10,
	author    = {N. Vinod and G. E. Hinton},
	title     = {Rectified linear units improve restricted Boltzmann machines.},
	year      = {2010},
	booktitle     = {ICML}
}

%%%%%%%%%%%%%%%%
% Optimization %
%%%%%%%%%%%%%%%%

% ADAM
@inproceedings{kingma15adam,
	title="{Adam: A Method for Stochastic Optimization}",
	author={D. Kingma and J. Ba},
	booktitle={ICLR},
	year={2015}
}

%%%%%%%%%%%%%
% Textbooks %
%%%%%%%%%%%%%

@Book{patel96,
  title={Handbook of the Normal Distribution},
  author={J. K. Patel and C. B Read},
  year={1997},
  publisher={CRC, Boca Raton}
}


%%%%%%%%%%%%
% Datasets %
%%%%%%%%%%%%
% IMDB-wiki
@article{rothe18imdb,
  author = {R. Rothe and R. Timofte and L. V. Gool},
  title = {Deep expectation of real and apparent age from a single image without facial landmarks},
  journal = {International Journal of Computer Vision},
  volume = {126},
  number = {2-4},
  pages = {144--157},
  year = {2018},
  publisher = {Springer}
}

% IMDB-clean
@article{lin2021imdbclean,
      title={FP-Age: Leveraging Face Parsing Attention for Facial Age Estimation in the Wild}, 
      author={L. Yiming and S. Jie and W. Yujiang and P. Maja},
      year={2021},
      eprint={2106.11145},
      journal={arXiv},
      primaryClass={cs.CV}
}

% AgeDB
@inproceedings{moschoglou17agedb, 
  title = {Agedb: the first manually collected, in-the-wild age database},
  author = {Moschoglou, Stylianos and Papaioannou, Athanasios and Sagonas, Christos and Deng, Jiankang and Kotsia, Irene and Zafeiriou, Stefanos},
  booktitle = {Proceedings of the IEEE Conference on Computer Vision and Pattern Recognition Workshop},
  year = {2017}
}

% utkface
@inproceedings{zhifei2017utkface,
  title={Age Progression Regression by Conditional Adversarial Autoencoder},
  author={Z. Zhifei and S. Yang and Q. Hairong},
  booktitle={CVPR},
  year={2017}
}

% AFAD: Asian age face dataset
@inproceedings{niu16afad,
  title={Ordinal Regression with a Multiple Output CNN for Age Estimation},
  author={Z. Niu and M. Zhou and X. Gao and G. Hua},
  booktitle={CVPR},
  year={2016}
}

% MSD: Million SOng Dataset
@inproceedings{bertin11msd,
  title={The Million Song Dataset},
  author={T. Bertin-Mahieux and D. P. W. Ellis and B. Whitman and P. Lamere},
  booktitle={ISMIR},
  year={2011}
}

@inproceedings{rothe2015imdb-wiki,
  title={Dex: Deep expectation of apparent age from a single image},
  author={Rothe, Rasmus and Timofte, Radu and Van Gool, Luc},
  booktitle={Proceedings of the IEEE international conference on computer vision workshops},
  pages={10--15},
  year={2015}
}


% PovertyMap
@article{yeh20povertymap,
  author = {C. Yeh and A. Perez and A. Driscoll and G. Azzari and Z. Tang and D. Lobell and S. Ermon and M. Burke},
  title = {Using publicly available satellite imagery and deep learning to understand economic well-being in Africa},
  journal = {Nature Communications},
  volume = {11},
  number = {2583},
  year = {2020}
}
% AFLW headpose
@inproceedings{koestinger11aflw,
  author = {M. Koestinger, P. Wohlhart, P. M. Roth and H. Bischof},
  title = {Annotated Facial Landmarks in the Wild: A Large-scale, Real-world Database for Facial Landmark Localization},
  booktitle = {Proc. First IEEE International Workshop on Benchmarking Facial Image Analysis Technologies},
  year = {2011}
}

% SHIFT15M Fashion prices
@inproceedings{kimura21shift15m,
    author    = {M. Kimura and T. Nakamura and Y. Saito},
    title     = {SHIFT15M: Multiobjective Large-Scale FashionDataset with Distributional Shifts},
    year      = {2021},
    booktitle   = {Proceedings of the IEEE Conference on Computer Vision and Pattern Recognition Workshop},
}

% MNIST
@inproceedings{lecun98,
	author    = {Y. LeCun and L. Bottou and Y. Bengio and P. Haffner},
	title     = {Gradient based Learning Applied to Document Recognition},
	year      = {1998},
	booktitle     = {IEEE}
}

% SVHN
@inproceedings{netzer11,
	author    = {Y. Netzerand T. Wang and A. Coates and A. Bissacco and B. Wu and A. Y. Ng},
	title     = {Reading Digits in Natural Images with Unsupervised Feature Learning.},
	year      = {2011},
	booktitle     = {NeurIPS}
}

% CIFAR10, CIFAR100
@TechReport{krizhevsky09,
	author    = {A. Krizhevsky and G. Hinton},
	title     = {Learning Multiple Layers of Features from Tiny Images.},
	year      = 2009,
	institution     = {Computer Science Department, University of Toronto}
}

%%%%%%%%%%%%%%
% Centrality %
%%%%%%%%%%%%%%
@article{bonacich01,
  author = {Bonacich, P and Lloyd, P},
  journal = {Social Networks},
  pages = {191--201},
  title = {Eigenvector-like measures of centrality for asymmetric relations.},
  volume = 3,
  year = 2001
}

@article{nieminen74,
  author = {Nieminen, J},
  journal = {Scandinavian Journal of Psychology},
  pages = {332--336},
  title = {On the centrality in a graph.},
  volume = 1,
  year = 1974
}


%%%%%%%%%%%%%%%%%%%%%%%
% Noisy Label Learning  %
%%%%%%%%%%%%%%%%%%%%%%%
% ELR
@inproceedings{liu2020early,
  title={Early-learning regularization prevents memorization of noisy labels},
  author={S. Liu and J. Niles-Weed and N. Razavian and C. Fernandez-Granda},
  booktitle={NeurIPS},
  year={2020}
}

@inproceedings{huang2020self,
  title={Self-adaptive training: beyond empirical risk minimization},
  author={L. Huang and C. Zhang and H. Zhang},
  booktitle={NeurIPS},
  year={2020}
}

% UNICON
@inproceedings{karim2022unicon,
  title={Unicon: Combating label noise through uniform selection and contrastive learning},
  author={N. Karim and M. N. Rizve and N. Rahnavard and A. Mian and M. Shah},
  booktitle={CVPR},
  year={2022}
}

@inproceedings{zhang2020global,
  title={Global-local gcn: Large-scale label noise cleansing for face recognition},
  author={Zhang, Yaobin and Deng, Weihong and Wang, Mei and Hu, Jiani and Li, Xian and Zhao, Dongyue and Wen, Dongchao},
  booktitle={CVPR},
  year={2020}
}

@article{gao16knn,
  title   = {On the resistance of nearest neighbor to random noisy labels.},
  author  = {W. Gao and B. Yang and Z. Zhou},
  journal = {arXiv preprint arXiv:1607.07526},
  year    = {2016}
}

@inproceedings{zong18,
	author    = {B. Zong and Q. SOng and M. R. Min and W. Cheng and C. Lumezanu and D. Cho and H. Chen},
	title     = {Deep Autoencoding Gaussian Mixture Model For Unsupervised Anomaly Detection.},
	year      = {2018},
	booktitle = {ICLR}
}
@inproceedings{kmlee19,
	author    = {K. Lee and S. Yun and K. Lee and H. Lee and B. Li and J. Shin},
	title     = {Robust Inference via Generative Classiﬁers for Handling Noisy Labels.},
	year      = {2019},
	booktitle = {ICML}
}

@inproceedings{kmlee18,
	author    = {K. Lee and K. Lee and H. Lee and J. Shin},
	title     = {A Simple Uniﬁed Framework for Detecting Out-of-Distribution Samples and Adversarial Attacks.},
	year      = {2018},
	booktitle = {NeurIPS}
}

@inproceedings{kim21fine,
	author    = {T. Kim and J. Ko and S. Cho and J. Choi and S. Yun},
	title     = {FINE Samples for Learning with Noisy Labels.},
	year      = {2021},
	booktitle = {NeurIPS}
}

@inproceedings{wang19sce,
  title={Symmetric Cross Entropy for Robust Learning with Noisy Labels},
  author={Y. Wang and X. Ma and Z. Chen and Y. Luo and J. Yi and J. Bailey},
  booktitle={ICCV},
  year={2019}
}

@inproceedings{wu20topo,
  title={A topological ﬁlter for learning with label noise.},
  author={P. Wu and S. Zheng and M. Goswami and D. N. Metaxas and C. Chen},
  booktitle={NeurIPS},
  year={2020}
}

@inproceedings{gong22rank,
  title={RankSim: Ranking Similarity Regularization for Deep Imbalanced Regression.},
  author={Y. Gong and G. Mori and F. Tung},
  booktitle={ICML},
  year={2022}
}

@inproceedings{yang21ldsfds,
  title={Delving into Deep Imbalanced Regression.},
  author={Y. Yang and K. Zha and Y. Chen and H. Wang D. Katabi},
  booktitle={ICML},
  year={2022}
}

@inproceedings{li22neighbor,
  title={Neighborhood Collective Estimation for Noisy Label Identification and Correction},
  author={J. Li and G. Li and F. Liu and Y. Yu},
  booktitle={ECCV},
  year={2022}
}
@inproceedings{zhang2021dualgraph,
  title={DualGraph: A Graph-Based Method for Reasoning About Label Noise},
  author={Zhang, HaiYang and Xing, XiMing and Liu, Liang},
  booktitle={CVPR},
  year={2021}
}

@inproceedings{li2020dividemix,
  title={Dividemix: Learning with noisy labels as semi-supervised learning},
  author={J. Li and R. Socher and S. C. Hoi},
  booktitle={ICLR},
  year={2020}
}
% Xia uncertainty, CNLCU
@inproceedings{xia22,
    title={Sample Selection with Uncertainty of Losses for Learning with Noisy Labels},
    author={X. Xia and T. Liu and B. Han and M. Gong and J. Yu and G. Niu and M. Sugiyama},
    booktitle={ICLR},
    year={2022}
}

% Xia CDR 
@inproceedings{xia21cdr,
    title={Robust Early-Learning: Hindering The Memorization of Noisy Labels},
    author={X. Xia and T. Liu and B. Han and C. Gong and N. Wang and Z. Ge and Y. Chang},
    booktitle={ICLR},
    year={2021}
}
% sigua
@inproceedings{han20sigua,
    title={SIGUA: Forgetting May Make Learning with Noisy Labels More Robust},
    author={B. Han and G. Niu and X. Yu and Q. Yao and M. Xu and I. W. Tsang and M. Sugiyama},
    booktitle={ICML},
    year={2020}
}

% cmixup
@inproceedings{yao22cmixup,
    title={C-Mixup: Improving Generalization in Regression},
    author={H. Yao and Y. Wang and L. Zhang and J. Zou and C. Finn},
    booktitle={NeurIPS},
    year={2022}
}
% SPR 
@inproceedings{wang22spr,
    title={Scalable Penalized Regression for Noise Detection in Learning with Noisy Labels},
    author={Y. Wang and X. Sun and Y. Fu},
    booktitle={CVPR},
    year={2022}
}
% Hu RDI, AUX
@inproceedings{hu20rdiaux,
    title={Simple and Effective Regularization Methods for Training on Noisily Labeled Data with Generalization Guarantee},
    author={W. Hu and Z. Li and D. Y},
    booktitle={ICLR},
    year={2020}
}
% D2L
@inproceedings{ma18d2l,
    title={Dimensionality-Driven Learning with Noisy Labels},
    author={X. Ma and Y. Wang and M. E. Houle and S. Zhou and S. M. Erfani and S. T. Xia and S. Wijewickrema and J. Bailey},
    booktitle={ICML},
    year={2018}
}
@inproceedings{zhang17under,
    title={Understanding deep learning requires rethinking generalization},
    author={C. Zhang and S. Bengio and M. Hardt and B. Recht and O. Vinyals},
    booktitle={ICLR},
    year={2017}
}
%crust
@inproceedings{mirzasoleiman20crust,
    title={Coresets for Robust Training of Neural Networks against Noisy Labels},
    author={B. Mirzasoleiman and K. Cao and J. Leskovec},
    booktitle={NeurIPS},
    year={2020}
}

%SuperLoss
@inproceedings{arpit17,
    title={A Closer Look at Memorization in Deep Networks},
    author={D. Arpit and S. Jastrzebski and N. Ballas and D. Krueger and E. Bengio and M. S. Kanwal and T. Maharaj and A. Fischer and A. Courville and Y. Bengio and S. Lacoste-Julien},
    booktitle={ICML},
    year={2017}
}

@inproceedings{ma18,
    title={Dimensionality-Driven Learning with Noisy Labels},
    author={X. Ma and Y. Wang and M. E. Houle and S. Zhou and S. M. Erfani and S. Xia and S. Wijewickrema and J. Bailey},
    booktitle={ICML},
    year={2018}
}

@inproceedings{jiang20,
    title={Beyond Synthetic Noise: Deep Learning on Controlled Noisy Labels},
    author={L. Jiang and D. Huang and M. Liu and W. Yang},
    booktitle={ICML},
    year={2020}
}

@inproceedings{patrini17,
    title={Making Deep Neural Networks Robust to Label Noise: a Loss Correction Approach},
    author={G. Patrini and A. Rozza and A. Menon and R. Nock and L. Qu},
    booktitle={CVPR},
    year={2017},
}

@inproceedings{goldberger17,
    title={TRAINING DEEP NEURAL-NETWORKS USING A NOISE ADAPTATION LAYER},
    author={J. Goldberger and E. Ben-Reuven},
    booktitle={ICLR},
    year={2017}
}

@inproceedings{xu19,
    title={L\_DMI: An Information-theoretic Noise-robust Loss Function}, 
    author={Y. Xu and P. Cao and Y. Kong and Y. Wang},
    booktitle={NeurIPS},
    year={2019}
}

@inproceedings{harutyunyan20,
    title={Improving Generalization by Controlling Label-Noise Information in Neural Network Weights}, 
    author={H. Harutyunyan and K. Reing and G. V. Steeg and A. Galstyan},
    booktitle={ICML},
    year={2020}
}

@inproceedings{li19,
    title={Learning to Learn from Noisy Labeled Data}, 
    author={J. Li and Y. Wong and Q. Zhao and M. Kankanhalli},
    booktitle={CVPR},
    year={2019}
}

@inproceedings{wang18,
    title={Iterative Learning with Open-set Noisy Labels}, 
      author={Y. Wang and W. Liu and X. Ma and J. Bailey and H. Zha and L. Song and S. Xia},
      booktitle={CVPR},
      year={2018}
}

@inproceedings{arazo19,
    title={Unsupervised Label Noise Modeling and Loss Correction},
    author={E. Arazo and D. Ortego and P. Albert and N. E. O'Connor and K. McGuinness},
    booktitle={ICML},
    year={2019}
}

@inproceedings{castells20,
    title={SuperLoss: A Generic Loss for Robust Curriculum Learning},
    author={T. Castells and P. Weinzaepfel and J. Revaud},
    booktitle={NeurIPS},
    year={2020}
}

@inproceedings{lukasik20,
    title={Does label smoothing mitigate label noise?}, 
    author={M. Lukasik and S. Bhojanapalli and A. K. Menon and S. Kumar},
    booktitle={ICML},
    year={2020},
}

@inproceedings{tanaka18,
    title={Joint Optimization Framework for Learning with Noisy Labels},
    author={D. Tanaka and D. Ikami and T. Yamasaki and K. Aizawa},
    booktitle={CVPR},
    year={2018}
}

@inproceedings{reed15,
    title={Training Deep Neural Networks on Noisy Labels with Bootstrapping},
    author={S. Reed and H. Lee and D. Anguelov and C. Szegedy and D. Erhan and A. Rabinovich},
    booktitle={ICLR workshop},
    year={2015},
}

@inproceedings{kremer18a, 
    title = {Robust Active Label Correction}, 
    author = {J. Kremer and F. Sha and C. Igel},
    booktitle = {AISTATS}, 
    year = {2018}, 
}

@inproceedings{veit17,
    title={Learning From Noisy Large-Scale Datasets With Minimal Supervision}, 
    author={A. Veit and N. Alldrin and G. Chechik and I. Krasin and A. Gupta and S. Belongie},
    booktitle={CVPR},
    year={2017}
}

@inproceedings{li17iccv,
    title={Learning from Noisy Labels with Distillation}, 
    author={Y. Li and J. Yang and Y. Song and L. Cao and J. Luo and L. Li},
    booktitle={ICCV},
    year={2017}
}

@inproceedings{lyu20iclr,
    title={Curriculum Loss: Robust Learning and Generalization against Label Corruption}, 
    author={Y. Lyu and I.W. Tsang},
    booktitle={ICLR},
    year={2020}
}

@inproceedings{ge20,
    title={Mutual Mean-Teaching: Pseudo Label Refinery for Unsupervised Domain Adaptation on Person Re-identification}, 
    author={Y. Ge and D. Chen and H. Li},
    booktitle={ICLR},
    year={2020}
}

@inproceedings{song19b, 
    title = {SELFIE: Refurbishing Unclean Samples for Robust Deep Learning}, 
    author = {H. Song and M. Kim and J. Lee}, 
    booktitle = {ICML},
    year = {2019}
}

@inproceedings{wang19labelrepair,
    title={Deep Self-Learning From Noisy Labels}, 
    author={J. Han and P. Luo and X. Wang},
    booktitle={ICCV},
    year={2019},
}

@inproceedings{li21mopro,
    title={MoPro: Webly Supervised Learning with Momentum Prototypes},
    author={J. Li and C. Xiong and S. Hoi},
    booktitle={ICLR},
    year={2021},
}

@inproceedings{han18coteaching,
    title={Co-teaching: Robust Training of Deep Neural Networks with Extremely Noisy Labels}, 
    author={B. Han and Q. Yao and X. Yu and G. Niu and M. Xu and W. Hu and I. Tsang and M. Sugiyama},
    booktitle={NeurIPS},
    year={2018}
}

@inproceedings{yu19b, 
    title = {How does Disagreement Help Generalization against Label Corruption?}, 
    author = {X. Yu and B. Han and J. Yao and G. Niu and I. Tsang and M. Sugiyama}, 
    booktitle = {ICML}, 
    year = {2019}
}

@inproceedings{malach17,
    title={Decoupling "when to update" from "how to update"}, 
    author={E. Malach and S. Shalev-Shwartz},
    booktitle={NeurIPS},
    year={2017}
}

@inproceedings{huang19,
    title = {O2U-Net: A Simple Noisy Label Detection Approach for Deep Neural Networks},
    author = {J. Huang and L. Qu and R. Jia and B. Zhao},
    booktitle = {ICCV},
    year={2019}
}

@inproceedings{zhou21iccv,
    author    = {Zhou, Xiong and Liu, Xianming and Wang, Chenyang and Zhai, Deming and Jiang, Junjun and Ji, Xiangyang},
    title     = {Learning With Noisy Labels via Sparse Regularization},
    booktitle = {ICCV},
    year      = {2021},
}

@inproceedings{nguyen19self,
    title={SELF: Learning to Filter Noisy Labels with Self-Ensembling}, 
    author={D. T. Nguyen and C. K. Mummadi and T. P. N. Ngo and T. H. P. Nguyen and L. Beggel and T. Brox},
    booktitle={ICLR},
    year={2019}
}

@inproceedings{mandal20,
    title={A Novel Self-Supervised Re-labeling Approach for Training with Noisy Labels},
    author={D. Mandal and S. Bharadwaj and S. Biswas},
    booktitle={WACV},
    year={2020}
}

@inproceedings{krause16,
  title={The unreasonable effectiveness of noisy data for fine-grained recognition},
  author={J. Krause and B. Sapp and A. Howard and H. Zhou and A. Toshev and T. Duerig and J. Philibin and L. Fei-Fei},
  booktitle={ECCV},
  year={2016}
}

@inproceedings{mahajan18,
  title={Exploring the limits of weakly supervised pretraining},
  author={D. Mahajan and R. Girshick and V. Ramanathan and K. He and M. Paluri and Y. Li and A. Bharambe and L. van der Maaten},
  booktitle={ECCV},
  year={2018}
}

@inproceedings{ren18l2r,
  title={Learning to Reweight Examples for Robust Deep Learning},
  author={M. Ren and W. Zeng and B. Yang and R. Urtasun},
  booktitle={ICML},
  year={2018}
}

@inproceedings{yi19pencil,
  title={Probabilistic End-to-end Noise Correction for Learning with Noisy Labels},
  author={K. Yi and J. Wu},
  booktitle={CVPR},
  year={2019}
}

@inproceedings{pleiss20aum,
  title={Identifying Mislabeled Data using the Area Under the Margin Ranking},
  author={G. Pleiss and T. Zhang and E. R. Elenberg and K. Q. Weinberger},
  booktitle={NeurIPS},
  year={2020}
}

@inproceedings{hendrycks18nips,
  title={Using trusted data to train deep networks on labels corrupted by severe noise},
  author={D. Hendrycks and M. Mazeika and D. Wilson and K. Gimpel},
  booktitle={NeurIPS},
  year={2018}
}


@inproceedings{zhang18nips,
  title={Generalized cross entropy loss for training deep neural networks with noisy labels},
  author={Z. Zhang and M. Sabuncu},
  booktitle={NeurIPS},
  year={2018}
}

@inproceedings{lee18cleannet,
  title={Cleannet: Transfer learning for scalable image classfier training with label noise},
  author={K. Lee and X. He and L. Zhang and L. Yang},
  booktitle={CVPR},
  year={2018}
}

@inproceedings{ostyakov18eccv,
  title={Label denoising with large ensembles of heterogeneous neural networks},
  author={P. Ostyakov and E. Logacheva and R. Suvorov and V. Aliev and G. Sterkin and O. Khomenko and S. I. Nikolenko},
  booktitle={ECCV},
  year={2018}
}

@inproceedings{shen19icml,
  title={Learning with bad training data via iterative trimmed loss minimization},
  author={Y. Shen and S. Sanghavi},
  booktitle={ICML},
  year={2019}
}

@inproceedings{chen19cv,
  title={Understanding and Utilizing Deep Neural Networks Trained with Noisy Labels},
  author={P. Chen and B. Liao and G. Chen and S. Zhang},
  booktitle={ICML},
  year={2019}
}

@inproceedings{wei20jocor,
  title={Combating Noisy Labels by Agreement: A Joint Training Method with Co-Regularization},
  author={H. Wei and L. Feng and X. Chen and B. An},
  booktitle={CVPR},
  year={2020}
}

@inproceedings{jiang17icml,
  title={Mentornet:Learning data-driven curriculum for very deep neural networks on corrupted labels},
  author={L. Jiang and Z. Zhou and T. Leung and L. Li and L. Fei-Fei},
  booktitle={ICML},
  year={2018}
}

% phuber
@inproceedings{menon20phuber,
  title={Can gradient clipping mitigate label noise?},
  author={A. K. Menon and A. S. Rawat and S. J. Reddi and S. Kumar},
  booktitle={ICLR},
  year={2020}
}

% mixup
@inproceedings{zhang18mixup,
  title={mixup: Beyond empirical risk minimization},
  author={H. Zhang and M. Cisse and Y. N. Dauphin and D. Lopez-Paz},
  booktitle={ICLR},
  year={2018}
}

@inproceedings{bai2021understanding,
  title={Understanding and improving early stopping for learning with noisy labels},
  author={Y. Bai and E. Yang and B. Han and Y. Yang and J. Li and Y. Mao and G. Niu and T. Liu},
  booktitle={NeurIPS},
  year={2021}
}

@inproceedings{wu2021ngc,
  title={NGC: A Unified Framework for Learning with Open-World Noisy Data},
  author={Z. F. Wu and T. Wei and J. Jiang and C. Mao and M. Tang and Y. F. Li},
  booktitle={ICCV},
  year={2021}
}

%%%%%% ordinal regression %%%%%%
@inproceedings{niu2016ordinal,
  title={Ordinal regression with multiple output cnn for age estimation},
  author={Z. Niu and M. Zhou and L. Wang and X. Gao and G. Hua},
  booktitle={CVPR},
  year={2016}
}

@inproceedings{lim20order,
  title={Order Learning and its Application to Age Estimation},
  author={K. Lim and N. H. Shin and Y. Y. Lee and C. S. Kim},
  booktitle={ICLR},
  year={2020}
}
@inproceedings{shin2022moving,
  title={Moving window regression: a novel approach to ordinal regression},
  author={N. Shin and S. Lee and C. Kim},
  booktitle={CVPR},
  year={2022}
}

@inproceedings{fu2018deep,
  title={Deep ordinal regression network for monocular depth estimation},
  author={H. Fu and M. Gong and C. Wang and K. Batmanghelich and D. Tao},
  booktitle={CVPR},
  year={2018}
}

@article{hirk2019multivariate,
  title={Multivariate ordinal regression models: an analysis of corporate credit ratings},
  author={R. Hirk and K. Hornik and L. Vana},
  journal={Statistical Methods \& Applications},
  volume={28},
  pages={507--539},
  year={2019},
  publisher={Springer}
}

@article{shah2022label,
  title={Label encoding for regression networks},
  author={D. Shah and Z. Y. Xue and T. M. Aamodt},
  journal={arXiv preprint arXiv:2212.01927},
  year={2022}
}

@inproceedings{garg2020robust,
  title={Robust deep ordinal regression under label noise},
  author={B. Garg and N. Manwani},
  booktitle={Asian Conference on Machine Learning},
  year={2020}
}

%%%% related works (object detection) %%%%
@article{li2020towards,
  title={Towards Noise-resistant Object Detection with Noisy Annotations},
  author={J. Li and C. Xiong and R. Socher and S. Hoi},
  year={2020},
  journal={arXiv preprint arXiv: 2003.01285}
}

@inproceedings{liu2022robust,
  title={Robust Object Detection With Inaccurate Bounding Boxes},
  author={C. Liu and K. Wang and H. Lu and Z. Cao and Z. Zhang},
  booktitle={ECCV},
  year={2022}
}

@article{schubert2023identifying,
  title={Identifying Label Errors in Object Detection Datasets by Loss Inspection},
  author={M. Schubert and T. Riedlinger and K. Kahl and D. Kröll and S. Schoenen and S. Šegvić and M. Rottmann},
  year={2023},
  journal={arXiv preprint arXiv: 2303.06999}
}

@article{mao2021noisy,
  title={Noisy Annotation Refinement for Object Detection},
  author={J. Mao and Q. Yu and Y. Yamakata and K. Aizawa},
  journal={British Machine Vision Conference},
  year={2021},
  bibSource={Semantic Scholar https://www.semanticscholar.org/paper/15a24292bbe0a0c261ff48f622a9a5217c2cadd2}
}

@inproceedings{gao2018notercnn,
  title={Note-rcnn: Noise tolerant ensemble rcnn for semi-supervised object detection},
  author={J. Gao and J. Wang and S. Dai and L. J. Li and R. Nevatia},
  booktitle={ICCV},
  year={2019}
}

@inproceedings{shen2020noise,
  title={Noise-Aware Fully Webly Supervised Object Detection},
  author={Y. Shen and R. Ji and Z. Chen and X. Hong and F. Zheng and J. Liu and M. Xu and Q. Tian},
  booktitle={CVPR},
  year={2020}
}

%%%% related works (trainsition matrix) %%%%
@inproceedings{yao2020dual,
  title={Dual T: Reducing Estimation Error for Transition Matrix in Label-noise Learning},
  author={Y. Yao and T. Liu and B. Han and M. Gong and J. Deng and G. Niu and M. Sugiyama},
  booktitle={NeurIPS},
  year={2020}
}

@inproceedings{xia2020part,
  title={Part-dependent Label Noise: Towards Instance-dependent Label Noise},
  author={X. Xia and T. Liu and B. Han and N. Wang and M. Gong and H. Liu and G. Niu and D. Tao and M. Sugiyama},
  booktitle={NeurIPS},
  year={2020}
}

@inproceedings{li2022estimating,
  title={Estimating Noise Transition Matrix with Label Correlations for Noisy Multi-Label Learning},
  author={S. Li and X. Xia and H. Zhang and Y. Zhan and S. Ge and T. Liu},
  booktitle={NeurIPS},
  year={2022}
}

@inproceedings{wang2020training,
  title={Training Noise-Robust Deep Neural Networks via Meta-Learning},
  author={Z. Wang and G. Hu and Q. Hu},
  booktitle={CVPR},
  year={2020}
}

@inproceedings{zhu2022beyond,
  title={Beyond Images: Label Noise Transition Matrix Estimation for Tasks with Lower-Quality Features},
  author={Z. Zhu and J. Wang and Y. Liu},
  booktitle={ICML},
  year={2022}
}

@inproceedings{yang2021estimating,
  title={Estimating Instance-dependent Label-noise Transition Matrix using DNNs},
  author={S. Yang and E. Yang and B. Han and Y. Liu and M. Xu and G. Niu and T. Liu},
  booktitle={ICML},
  year={2022}
}

@inproceedings{kye2021learning,
  title={Learning with Noisy Labels by Efficient Transition Matrix Estimation to Combat Label Miscorrection},
  author={S. M. Kye and K. Choi and J. Yi and B. Chang},
  booktitle={ECCV},
  year={2022}
}

@inproceedings{li2022selective,
  title={Selective-Supervised Contrastive Learning with Noisy Labels},
  author={S. Li and X. Xia and S. Ge and T. Liu},
  booktitle={CVPR},
  year={2022}
}

@inproceedings{li2021learning,
  title={Learning From Noisy Data with Robust Representation Learning},
  author={J. Li, C. Xiong, S. C. H. Hoi},
  booktitle={ICCV},
  year={2021}
}

@inproceedings{ortego2020multi,
  title={Multi-Objective Interpolation Training for Robustness to Label Noise},
  author={D. Ortego and E. Arazo and P. Albert and N. E. O’Connor and K. McGuinness},
  booktitle={CVPR},
  year={2021}
}

@article{zhang2021codim,
  title   = {CoDiM: Learning with Noisy Labels via Contrastive Semi-Supervised Learning},
  author  = {X. Zhang and Z. Liu and K. Xiao and T. Shen and J. Huang and W. Yang and D. Samaras and X. Han},
  year    = {2021},
  journal = {arXiv preprint arXiv: 2111.11652}
}

@inproceedings{huang2023twin,
  title={Twin Contrastive Learning with Noisy Labels},
  author={Z. Huang and J. Zhang and H. Shan},
  booktitle={CVPR},
  year={2023}
}

@inproceedings{yi2022onleraning,
  title={On Learning Contrastive Representations for Learning with Noisy Labels},
  author={L. Yi and S. Liu and Q. She and A. McLeod and B. Wang},
  booktitle={CVPR},
  year={2022}
}


%%%%%% ETC %%%%%%%

@inproceedings{heller07,
  title = 	 {A Nonparametric Bayesian Approach to Modeling Overlapping Clusters},
  author = 	 {Heller, Katherine A. and Ghahramani, Zoubin},
  booktitle = 	 {Proceedings of the Eleventh International Conference on Artificial Intelligence and Statistics},
  pages = 	 {187--194},
  year = 	 {2007},
  volume = 	 {2},
  publisher =    {PMLR},
}

@inproceedings{hinton02poe,
  title={Training products of experts by minimizing contrastive divergence},
  author={G. E. Hinton},
  booktitle={Neural Computation},
  year={2002}
}

@article{dukler23,
  title={Safe: Machine unlearning with shard graphs},
  author={Y. Dukler and B. Bowman and A. Achille and A. Golatkar and A. Swaminathan and S. Soatto},
  year    = {2023},
  journal = {arXiv preprint arXiv: 2304.13169}
}
@article{vonMises1929,
  author = "R. von Mises and H. Pollaczek-Geiringer",
  journal = "Journal of Applied Mathematics and Mechanics",
  pages = "152--164",
  title = "Practical methods of solving equations",
  volume = "9",
  year = "1929"
}

@article{jacobs1991MoE,
  author = "R. A. Jacobs and M. I. Jordan and S. J. Nowlan and G. E. Hinton",
  journal = "Neural Comput",
  pages = "79--87",
  title = "Adaptive mixtures of local experts",
  volume = "3",
  year = "1991"
}

@inproceedings{jordan1994MoE,
  title={Hierarchical mixtures of experts and the EM algorithm },
  author={M. I. Jordan and R. A. Jacobs},
  booktitle={International Joint Conference on Neural Networks},
  year={1993}
}

@article{dempster77EM,
  author = "A. P. Dempster and N. M. Laird and D. B. Rubin",
  journal = "Journal of the Royal Statistical Society",
  pages = "1--38",
  title = "Maximum Likelihood from Incomplete Data via the EM Algorithm",
  volume = "1",
  year = "1991"
}


@Book{felix00,
  author =       "F. Gantmacher",
  title =        "The Theory of Matrices, Volume 2",
  publisher =    "AMS Chelsea Publishing",
  edition =      "2nd",
  year =         "2000"
}

@article{perron07,
  author = "O. Perron",
  journal = "Mathematische Annalen",
  pages = "248--263",
  title = "Zur Theorie der Matrices",
  volume = "2",
  year = "1907"
}
    
@article{squire81,
  author = "L. R. Squire",
  journal = "Journal of Neuroscience",
  pages = "635--640",
  title = "Two forms of human amnesia: an analysis of forgetting",
  volume = "6",
  year = "1981"
}

@inproceedings{yun19cutmix,
  title={Cutmix: Regularization strategy to train strong classiﬁers with localizable features},
  author={S. Yun and D. Han and S. J. Oh and S. Chun and J. Choe and Y. Yoo},
  booktitle={ICCV},
  year={2019}
}

@inproceedings{loshchilov17iclr,
  title={Sgdr: Stochastic gradient descent with warm restarts},
  author={I. Loshchilov and F. Hutter},
  booktitle={ICLR},
  year={2017}
}


@article{silva2017cuda,
  title={Cuda-based parallelization of power iteration clustering for large datasets},
  author={Silva, Gustavo Rodrigues Lacerda and De Medeiros, Rafael Ribeiro and Jaimes, Brayan Rene Acevedo and Takahashi, Carla Caldeira and Vieira, Douglas Alexandre Gomes and Braga, Ant{\^o}Nio De P{\'a}Dua},
  journal={IEEE Access},
  volume={5},
  pages={27263--27271},
  year={2017},
  publisher={IEEE}
}


@inproceedings{rasmussen02,
	author    = {C. E. Rasmussen and Z. Ghahramani},
	title     = {Inﬁnite mixtures of gaussian process experts.},
	year      = {2002},
	booktitle = {NeurIPS}
}

@inproceedings{shahbaba09,
	author    = {B. S. Shahbaba and R. Neal},
	title     = {Nonlinear models using dirichlet process mixtures.},
	year      = {2009},
	booktitle = {JMLR}
}

@inproceedings{aljundi17moe,
	author    = {R. Aljundi and P. Chakravarty and T. Tuytelaars},
	title     = {Expert Gate: Lifelong Learning with a Network of Experts.},
	year      = {2017},
	booktitle = {CVPR}
}

@inproceedings{gao20mpo,
	author    = {Z. Gao and S. Cheng and R. He and Z. Xie and H. Zhao and Z. Lu and T. Xiang},
	title     = {Compressing deep neural networks by matrix product operators.},
	year      = {2020},
	booktitle = {Physical Review Research}
}

@inproceedings{gao22mpo,
	author    = {Z. Gao and P. Liu and W. X. Zhao and Z. Lu and J. Wen},
	title     = {Parameter-Efficient Mixture-of-Experts Architecture for Pre-trained Language Models},
	year      = {2022},
	booktitle = {Proceedings of the 29th International Conference on Computational Linguistics}
}

@article{zadouri23,
  title   = {Pushing Mixture of Experts to the Limit: Extremely Parameter Efficient MoE for Instruction Tuning},
  author  = {T. Zadouri and A. {\"U}st{\"u}n and A. Ahmadian and B. Ermis and A. Locatelli and S. Hooker},
  journal = {arXiv preprint arXiv:2309.05444},
  year    = {2023}
}

@article{zuo21,
  title   = {Taming sparsely activated transformers with stochastic experts},
  author  = {S. Zuo and X. Liu and J. Jiao and Y. J. Kim and H. Hassan and R. Zhang and T. Zaho and J. Gao},
  journal = {CoRR CoRR:2110.04260},
  year    = {2021}
}

@article{yjkim21,
  title   = {Scalable and efficient moe training for multitask multilingual models},
  author  = {Y. J. Kim and A. A. Awan and A. Muzio and A. Salinas and L. Lu and A. Hendy and S. Rajbhandari and Y. He and H. H. Awadalla},
  journal = {arXiv preprint arXiv:2109.10465},
  year    = {2023}
}

@article{fedus21,
  title   = {Switch transformers: Scaling to trillion parameter models with simple and efficient sparsity},
  author  = {W. Fedus and B. Zoph and N. Shazeer},
  journal = {arXiv preprint arXiv:2101.03961},
  year    = {2021}
}

@article{zhang21b,
  title   = {Moefication: Conditional computation of transformer models for efficient inference},
  author  = {Z. Zhang and Y. Lin and Z. Liu and P. Li and M. Sun and J. Zhou},
  journal = {arXiv preprint arXiv:2110.01786},
  year    = {2021}
}

@article{lewis21,
  title   = {Base layers: Simplifying training of large, sparse models},
  author  = {M. Lewis and S. Bhosale and T. Dettmers and N. Goyal and L. Zettlemoyer},
  journal = {arXiv preprint arXiv:2103.16716},
  year    = {2021}
}

@inproceedings{lepikhin21,
  title   = {Gshard: Scaling giant models with conditional computation and automatic sharding. },
  author  = {D. Lepikhin and H. J. Lee and Y. Xu and D. Chen and O. Firat and Y. Huang},
  booktitle = {ICLR},
  year    = {2021}
}

@article{zoph22,
  title   = {Designing effective sparse expert models. },
  author  = {B. Zoph and I. Bello and S. Kumar and N. Du and Y. Huang and J. Dean and N. Shazeer and W. Fedus},
  journal = {arXiv preprint arXiv:2202.08906},
  year    = {2022}
}
@article{he21fastmoe,
  title   = {Fastmoe: A fast mixture-of-expert training system.},
  author  = {J. He and J. Qiu and A. Zeng and Z. Yang and J. Zhai and J. Tang},
  journal = {arXiv preprint arXiv:2103.13262},
  year    = {2021}
}


% memorizability

@inproceedings{zhang17memory,
	author    = {C. Zhang and S. Bengio and M. Hardt and B. Recht and O. Vinyals},
	title     = {Understanding deep learning requires rethinking generalization.},
	year      = {2017},
	booktitle = {ICLR}
}

@inproceedings{arpit17memory,
	author    = {D. Arpit and S. Jastrzebski and N. Ballas and D. Krueger and E. Bengio and M. Kanwal and T. Maharaj and A. Fischer and A. Courville and Y. Bengio},
	title     = {A closer look at memorization in deep networks.},
	year      = {2017},
	booktitle = {ICML}
}

% probabilistic KNN
@article{holmes02,
  author = "C. C. Holmes and N. M Adams",
  journal = "Journal of the Royal Statistical Society",
  pages = "295--306",
  title = "A probabilistic nearest neighbour method for statistical pattern recognition",
  volume = "64",
  year = "2002"
}

@article{papadopoulos22fashion,
  author = "S. Papadopoulos and C. Koutlis and S. Papadopoulos and I. Kompatsiaris",
  journal = "International Journal of Multimedia Information Retrieval",
  pages = "717--729",
  title = "Multimodal Quasi-AutoRegression: forecasting the visual popularity of new fashion products",
  volume = "11",
  year = "2022"
}

%%%%%%%%%%%%%%%%%%%%%%%%%%%%
% label/feature continuity %
%%%%%%%%%%%%%%%%%%%%%%%%%%%%
@article{zha22supcr,
  title   = {Supervised Contrastive Regression},
  author  = {K. Zha and P. Cao and Y. Yang and D. Katabi},
  journal = {arXiv preprint arXiv:2210.01189},
  year    = {2022}
}
@article{khosla20supcl,
  title   = {Supervised Contrastive Learning},
  author  = {P. Khosla and P. Teterwak and C. Wang and A. Sarna and Y. Tian and P. Isola and A. Maschinot and C. Liu and D. Krishnan},
  journal = {arXiv preprint arXiv:2004.11362},
  year    = {2020}
}
@inproceedings{li22unicon,
  author = {Q. Li and J. Wang and Z. Yao and Y. Li and P. Yang and J. Yan and C. Wang and S. Pu},
  title = {Unimodal-Concentrated Loss: Fully Adaptive Label Distribution Learning for Ordinal Regression},
  year = {2022},
  booktitle = {CVPR},
}

@inproceedings{li19bridge,
  author = {W. Li and J. Lu and J. Feng and C. Xu and J. Zhou and Q. Tian},
  title = {BridgeNet: A Continuity-Aware Probabilistic Network for Age Estimation},
  year = {2019},
  booktitle = {CVPR}
}

% finance
@inproceedings{zhang17finance,
  author = {L. Zhang and C. Aggarwal and G. Qi},
  title = {Stock Price Prediction via Discovering Multi-Frequency Trading Patterns},
  year = {2017},
  booktitle = {KDD}
}

% finance
@inproceedings{wu20finance,
  author = {Z. Wu and S. Pan and G. Long and J. Jiang and X. Chang and C. Zhang},
  title = {Connecting the Dots: Multivariate Time Series Forecasting with Graph Neural Networks},
  year = {2020},
  booktitle = {KDD}
}

@article{doi22physics,
  author = {H. Doi and K. Z. Takahashi and H. Yasuoka and J. Fukuda and T. Aoyagi},
  title = {Regression analysis for predicting the elasticity of liquid crystal elastomers},
  journal = {Scientific Reports},
  volume = {12},
  number = {19788},
  year = {2022}
}

@article{zhang22economics,
  author = {Y. Zhang and H. Sun and G. Gao and L. Shou and D. Wu},
  title = {Developing spatio-temporal approach to predict economic dynamics based on online news},
  journal = {Scientific Reports},
  volume = {12},
  number = {16158},
  year = {2022}
}

@article{sial2020light,
  author  = {H. A. Sia and R. Baldrich and M. Vanrell and D. Samaras},
  title   = {Light direction and color estimation from single image with deep regression},
  journal = {arXiv preprint arXiv:2009.08941},
  year    = {2020}
}

@article{liu23elnino,	
	author  = {Y. Liu and K. Duffy and J. G. Dy and A. R. Gaunguly},
  title   = {Explainable deep learning for insights in El Niño and river flows},
  journal = {Nature Communications},
  volume  = {14},
  number  = {339},
  year    = {2023}
}

@article{tanaka22medicine,	
	author  = {S. Tanaka and N. Kadoya and Y. Sugai and M. Umeda and M. Ishizawa and Y. Katsuta and K. Ito and K. Takeda and K. Jingu},
  title   = {A deep learning-based radiomics approach to predict head and neck tumor regression for adaptive radiotherapy},
  journal = {Scientific Reports},
  volume  = {12},
  number  = {8899},
  year    = {2022}
}


@article{velden20volume,	
	author  = {B.H.M. van der Velden and M. H. A Janse and M A. A. Ragusi and C. E. Loo and K. G. A. Gilhuijs},
  title   = {Volumetric breast density estimation on MRI using explainable deep learning regression},
  journal = {Scientific Reports},
  volume  = {10},
  number  = {18095},
  year    = {2020}
}

@article{coen21medicine,	
  author={C. de Vente and P. Vos and M. Hosseinzadeh and J. Pluim and M. Veta},
  journal={IEEE Transactions on Biomedical Engineering}, 
  title={Deep Learning Regression for Prostate Cancer Detection and Grading in Bi-Parametric MRI}, 
  year={2021},
  volume={68},
  number={2},
  pages={374-383}
}

@inproceedings{gorishniy21nips,
  author = {Y. Gorishniy and I. Rubachev and V. Khrulkov and A. Babenko},
  title = {Revisiting Deep Learning Models for Tabular Data},
  year = {2021},
  booktitle = {NeurIPS}
}

% perfect matching cite
@Book{gibbons85pm,
  editor = 	 "A. Gibbons",
  title = 	 "Algorithmic Graph Theory",
  publisher = 	 "Cambridge University Press",
  year = 	 "1985",
  address =	 "London, England"
}

@article{monfared16pm,	
	author  = {K. H. Monfared and S. Mallik},
  title   = {Spectral Characterization of Matchings in Graphs},
  journal = {Linear Algebra and its Applciations},
  volume  = {496},
  number  = {1},
  pages = {234--778}, 
  year    = {2016}
}

@inproceedings{grinsztajn22nips,
  author = {L. Grinsztajn and E. Oyallon and G. Varoquaux},
  title = {Why do tree-based models still outperform deep learning on tabular data?},
  year = {2022},
  booktitle = {NeurIPS Track Datasets and Benchmarks}
}

@article{maaten08tsne,
  author = {L. van der Maaten and G. Hinton},
  journal = {Journal of Machine Learning Research},
  pages = {2579--2605},
  title = {Visualizing Data using t-SNE},
  volume = 9,
  year = 2008
}

@article{wen2021fashion,
  title={Fashion meets computer vision: A survey},
  author={Wen-Huang, Cheng and Sijie, Song and Chieh-Yun, Chen and Chusnul, Hidayati Shintami and Jiaying, Liu},
  journal={ACM Computing Surveys},
  year={2021}
}

% rebuttal questions. 
@inproceedings{su2012crowdsourcingAF,
  title={Crowdsourcing Annotations for Visual Object Detection},
  author={H. Su and J. Deng and L. Fei-Fei},
  booktitle={HCOMP@AAAI},
  year={2012}
}

@article{rao1997,
  author={A.V. Rao and D. Miller and K. Rose and A. Gersho},
  journal={IEEE Transactions on Signal Processing}, 
  title={Mixture of experts regression modeling by deterministic annealing}, 
  year={1997},
  volume={45},
  number={11},
  pages={2811-2820},
}

@article{zhou2012onTS,
  title={On the Statistical Errors of RADAR Location Sensor Networks with Built-In Wi-Fi Gaussian Linear Fingerprints},
  author={M. Zhou and Y. Xu and L. Ma and S. Tian},
  journal={Sensors (Basel, Switzerland)},
  year={2012},
  volume={12},
  pages={3605 - 3626}
}

@article{zang2019TheIO,
  title={The Impact of Adverse Weather Conditions on Autonomous Vehicles: How Rain, Snow, Fog, and Hail Affect the Performance of a Self-Driving Car},
  author={S. Zang and M. Ding and D. B. Smith and P. Tyler and T. Rakotoarivelo and M. Ali K{\^a}afar},
  journal={IEEE Vehicular Technology Magazine},
  year={2019},
  volume={14},
  pages={103-111}
}

% 
@inproceedings{geng2014headPE,
  title={Head Pose Estimation Based on Multivariate Label Distribution},
  author={X. Geng and Y. Xia},
  booktitle={CVPR},
  year={2014}
}

@article{cheng2022accidental,
  title   = {Accidental Turntables: Learning 3D Pose by Watching Objects Turn},
  author  = {Z. Cheng and M. Gadelha and S. Maji},
  year    = {2022},
  journal = {arXiv preprint arXiv: 2212.06300}
}

@inproceedings{ma2022TheEO,
  title={The Effect of Improving Annotation Quality on Object Detection Datasets: A Preliminary Study},
  author={J. Ma and Y. Ushiku and M. Sagara},
  booktitle = {Proceedings of the IEEE Conference on Computer Vision and Pattern Recognition Workshop},
  year={2022}
}

% Task/Dataset/Example Difficulty
@inproceedings{guo18eccv,
  title={Dynamic task prioritization for multitask learning},
  author={M. Guo and A. Haque and D. Huang and S. Yeung and L. Fei-Fei},
  booktitle={ECCV},
  year={2018}
}
@inproceedings{mao22acl,
  title={MetaWeighting: Learning to Weight Tasks in Multi-Task Learning},
  author={Y. Mao and Z. Wang and W. Liu and X. Lin},
  booktitle={ACL Findings},
  year={2017}
}

@inproceedings{ethayarajh22icml,
  title={Understanding Dataset Difﬁculty with V-Usable Information},
  author={K. Ethayarajh and Y. Choi and S. Swayamdipta},
  booktitle={ICML},
  year={2022}
}

@inproceedings{baldock21nips,
  title={Deep Learning Through the Lens of Example Difﬁculty},
  author={R. J. N. Baldock and H. Maennel and B. Neyshabur},
  booktitle={NeurIPS},
  year={2021}
}

% Noisy label learning calibration

@inproceedings{wu20ijcnn,
  title={Temporal Calibrated Regularization for Robust Noisy Label Learning},
  author={D. Wu and Y. Wang and Z. Zheng and S. Xia},
  booktitle={IJCNN},
  year={2020}
}

@inproceedings{bae22icml,
  title={From Noisy Prediction to True Label: Noisy Prediction Calibration via Generative Model},
  author={H. Bae and S. Shin and J. Jang and K. Song and I. Moon},
  booktitle={ICML},
  year={2022}
}

@misc{joel2023effect,
  title={The effect of model calibration on noisy label detection},
  author={Joel S{\"o}derberg, Max},
  year={2023}
}

@article{zong2024dirichlet, 
title={Dirichlet-Based Prediction Calibration for Learning with Noisy Labels}, 
volume={38}, 
number={15}, 
journal={Proceedings of the AAAI Conference on Artificial Intelligence}, 
author={Zong, Chen-Chen and Wang, Ye-Wen and Xie, Ming-Kun and Huang, Sheng-Jun}, 
year={2024}, 
pages={17254-17262} }

% margin <> generalization
@article{shawe1998robust,
  title={Robust bounds on generalization from the margin distribution},
  author={J. Shawe-Taylor and N. Cristianini},
  year={1998}
}

@inproceedings{gronlund2019margin,
  title={Margin-based generalization lower bounds for boosted classifiers},
  author={A. Gr{\o}nlund and L. Kamma and K. G. Larsen and A. Mathiasen and J. Nelson},
  booktitle={NeurIPS},
  year={2019}
}

@inproceedings{gronlund2020near,
  title={Near-tight margin-based generalization bounds for support vector machines},
  author={A. Gr{\o}nlund and L. Kamma and K. G. Larsen},
  booktitle={ICML},
  year={2020}
}

@inproceedings{mouton2024input,
  title={Input margins can predict generalization too},
  author={Mouton, Coenraad and Theunissen, Marthinus Wilhelmus and Davel, Marelie H},
  booktitle={Proceedings of the AAAI Conference on Artificial Intelligence},
  volume={38},
  number={13},
  pages={14379--14387},
  year={2024}
}


% 1

@inproceedings{yuksel2012Moe,
  title={Twenty years of mixture of experts.},
  author={S. E. Yuksel and J. N. Wilson and P. D. Gader},
  booktitle={Transactions on neural networks and learning systems},
  year={2012}
}
% 2

@inproceedings{masoudnia2014Moe,
  title={Mixture of experts: a literature survey},
  author={S. Masoudnia and R. Ebrahimpour},
  booktitle={Artificial Intelligence Review},
  year={2014}
}
% 3

@inproceedings{sharkey1997,
  title={Combining diverse neural nets},
  author={A. Sharkey and N. Sharkey},
  booktitle={The Knowledge Engineering Review},
  year={1997}
}
% 4
@inproceedings{heller2007,
  title={Nonparametric bayesian approach to modeling overlapping clusters},
  author={K. A. Heller and Z. A. Ghahramani},
  booktitle={ Artificial Intelligence and Statistics},
  year={2007}
}


% 5
@inproceedings{boudiaf2020,
  title={A unifying mutual information view of metric learning: cross-entropy vs. pairwise losses},
  author={M. Boudiat and J. Rony and I. M Ziko and E. Granger and M. Pedersoli and P. Piantanida and I. B. Ayed},
  booktitle={ECCV},
  year={2020}
}
% 6
@inproceedings{zhang2023,
  title={Improving deep regression with ordinal entropy},
  author={S. Zhang and L. Yang and M. B. Mi and X. Zheng and A. Yao},
  booktitle={ICLR},
  year={2023}
}
% [7] Zheng, S., et al. Error-Bounded Correction of Noisy Labels, ICML, 2020.
@inproceedings{zheng2020,
  title={Error-Bounded Correction of Noisy Labels},
  author={S. Zheng and P. Wu and A. Goswami and M. Goswami and D. Metaxas and C. Chen},
  booktitle={ICML},
  year={2020}
}

@inproceedings{aviral18,
  title={Trainable calibration measures for neural networks from kernel mean embeddings.},
  author={K. Aviral and S. Sarawagi and U. Jain},
  booktitle={ICML},
  year={2018}
}

@inproceedings{cao2017,
  title={Estimating depth from monocular images as classiﬁcation using deep fully convolutional residual networks.},
  author={Y. Cao and Z. Wu and  C. Shen},
  booktitle={IEEE Transactions on Circuits and Systems for Video Technology},
  year={2017}
}

@inproceedings{vandenoord2016,
  title={Pixel recurrent neural networks.},
  author={A. van den Oord and N. Kalchbrenner and K. Kavukcuoglu},
  booktitle={ICML},
  year={2016}
}

@inproceedings{lakshminarayanan17,
  title={Simple and scalable predictive uncertainty estimation using deep ensembles.},
  author={B. Lakshminarayanan and A. Pritzel and C. Blundell},
  booktitle={NeurIPS},
  year={2017}
}

@article{dai2024,
  author={Damai Dai and Chengqi Deng and Chenggang Zhao and R. X. Xu and Huazuo Gao and Deli Chen and Jiashi Li and Wangding Zeng and Xingkai Yu and Y. Wu and Zhenda Xie and Y. K. Li and Panpan Huang and Fuli Luo and Chong Ruan and Zhifang Sui and Wenfeng Liang},
  title={DeepSeekMoE: Towards Ultimate Expert Specialization in Mixture-of-Experts Language Models}, 
  journal   = {CoRR},
  volume    = {abs/2401.06066},
  year      = {2024},
  url       = {https://arxiv.org/abs/2401.06066},
}


@article{tsybakov2004optimal,
  title={Optimal aggregation of classiﬁers in statistical learning},
  author={A. B. Tsybakov},
  journal={The Annals of Statistics},
  year={2004},
  volume={32},
  number={1},
  pages={135-166}
}

% open-set label noise

@article{wei2021open,
  title={Open-set label noise can improve robustness against inherent label noise},
  author={Wei, Hongxin and Tao, Lue and Xie, Renchunzi and An, Bo},
  journal={NeurIPS},
  volume={34},
  pages={7978--7992},
  year={2021}
}

@inproceedings{wan2024unlocking,
  title={Unlocking the Power of Open Set: A New Perspective for Open-Set Noisy Label Learning},
  author={Wan, Wenhai and Wang, Xinrui and Xie, Ming-Kun and Li, Shao-Yuan and Huang, Sheng-Jun and Chen, Songcan},
  booktitle={Proceedings of the AAAI Conference on Artificial Intelligence},
  volume={38},
  number={14},
  pages={15438--15446},
  year={2024}
}

% prediction depth
@inproceedings{stephenson2021geometry,
  title={On the geometry of generalization and memorization in deep neural networks},
  author={Stephenson, Cory and Ganesh, Abhinav and Hui, Yue and Tang, Hanlin and Chung, SueYeon and others},
  booktitle={ICLR},
  year={2021}
}

@inproceedings{zhou2021fortuitous,
  title={Fortuitous forgetting in connectionist networks},
  author={Zhou, Hattie and Vani, Ankit and Larochelle, Hugo and Courville, Aaron},
  booktitle={ICLR},
  year={2022}
}

@inproceedings{sarfi2023simulated,
  title={Simulated annealing in early layers leads to better generalization},
  author={Sarfi, Amir M and Karimpour, Zahra and Chaudhary, Muawiz and Khalid, Nasir M and Ravanelli, Mirco and Mudur, Sudhir and Belilovsky, Eugene},
  booktitle={CVPR},
  pages={20205--20214},
  year={2023}
}

