
@article{Knowledge_Fusion,   title={Knowledge Fusion of Large Language Models},  author={Wan, Fanqi and Huang, Xinting and Cai, Deng and Quan, Xiaojun and Bi, Wei and Shi, Shuming},  year={2024},  month={Jan},  language={en-US}  }

@article{survey_benchmark,
  title={A survey on benchmarks of multimodal large language models},
  author={Li, Jian and Lu, Weiheng},
  journal={arXiv preprint arXiv:2408.08632},
  year={2024}
}

@article{mme,
  title={MME: A Comprehensive Evaluation Benchmark for Multimodal Large Language Models},
  author={Fu, Chaoyou and Chen, Peixian and Shen, Yunhang and Qin, Yulei and Zhang, Mengdan and Lin, Xu and Yang, Jinrui and Zheng, Xiawu and Li, Ke and Sun, Xing and others},
  journal={arXiv preprint arXiv:2306.13394},
  year={2023}
}

@inproceedings{seedbench,
  title={SEED-Bench: Benchmarking Multimodal Large Language Models},
  author={Li, Bohao and Ge, Yuying and Ge, Yixiao and Wang, Guangzhi and Wang, Rui and Zhang, Ruimao and Shan, Ying},
  booktitle={Proceedings of the IEEE/CVF Conference on Computer Vision and Pattern Recognition},
  pages={13299--13308},
  year={2024}
}

@inproceedings{okvqa,
  title={Ok-vqa: A visual question answering benchmark requiring external knowledge},
  author={Marino, Kenneth and Rastegari, Mohammad and Farhadi, Ali and Mottaghi, Roozbeh},
  booktitle={Proceedings of the IEEE/cvf conference on computer vision and pattern recognition},
  pages={3195--3204},
  year={2019}
}

@inproceedings{mmbench,
  title={{MMBench}: Is your multi-modal model an all-around player?},
  author={Liu, Yuan and Duan, Haodong and Zhang, Yuanhan and Li, Bo and Zhang, Songyang and Zhao, Wangbo and Yuan, Yike and Wang, Jiaqi and He, Conghui and Liu, Ziwei and others},
  booktitle={European Conference on Computer Vision},
  pages={216--233},
  year={2025},
  organization={Springer}
}

@article{ocrbench,
  title={On the hidden mystery of ocr in large multimodal models},
  author={Liu, Yuliang and Li, Zhang and Yang, Biao and Li, Chunyuan and Yin, Xucheng and Liu, Cheng-lin and Jin, Lianwen and Bai, Xiang},
  journal={arXiv preprint arXiv:2305.07895},
  year={2023}
}

@inproceedings{textvqa,
  title={Towards vqa models that can read},
  author={Singh, Amanpreet and Natarajan, Vivek and Shah, Meet and Jiang, Yu and Chen, Xinlei and Batra, Dhruv and Parikh, Devi and Rohrbach, Marcus},
  booktitle={Proceedings of the IEEE/CVF conference on computer vision and pattern recognition},
  pages={8317--8326},
  year={2019}
}

@article{scienceqa,
  title={Learn to explain: Multimodal reasoning via thought chains for science question answering},
  author={Lu, Pan and Mishra, Swaroop and Xia, Tanglin and Qiu, Liang and Chang, Kai-Wei and Zhu, Song-Chun and Tafjord, Oyvind and Clark, Peter and Kalyan, Ashwin},
  journal={Advances in Neural Information Processing Systems},
  volume={35},
  pages={2507--2521},
  year={2022}
}
@inproceedings{vizwiz,
  title={Vizwiz grand challenge: Answering visual questions from blind people},
  author={Gurari, Danna and Li, Qing and Stangl, Abigale J and Guo, Anhong and Lin, Chi and Grauman, Kristen and Luo, Jiebo and Bigham, Jeffrey P},
  booktitle={Proceedings of the IEEE conference on computer vision and pattern recognition},
  pages={3608--3617},
  year={2018}
}
@inproceedings{gqa,
  title={Gqa: A new dataset for real-world visual reasoning and compositional question answering},
  author={Hudson, Drew A and Manning, Christopher D},
  booktitle={Proceedings of the IEEE/CVF conference on computer vision and pattern recognition},
  pages={6700--6709},
  year={2019}
}

@inproceedings{mmmu,
  title={{MMMU}: A massive multi-discipline multimodal understanding and reasoning benchmark for expert agi},
  author={Yue, Xiang and Ni, Yuansheng and Zhang, Kai and Zheng, Tianyu and Liu, Ruoqi and Zhang, Ge and Stevens, Samuel and Jiang, Dongfu and Ren, Weiming and Sun, Yuxuan and others},
  booktitle={Proceedings of the IEEE/CVF Conference on Computer Vision and Pattern Recognition},
  pages={9556--9567},
  year={2024}
}


@article{adamerging,
  title={{AdaMerging}: Adaptive model merging for multi-task learning},
  author={Yang, Enneng and Wang, Zhenyi and Shen, Li and Liu, Shiwei and Guo, Guibing and Wang, Xingwei and Tao, Dacheng},
  journal={arXiv preprint arXiv:2310.02575},
  year={2023}
}

@article{ties,
  title={{TIES-Merging}: Resolving interference when merging models},
  author={Yadav, Prateek and Tam, Derek and Choshen, Leshem and Raffel, Colin A and Bansal, Mohit},
  journal={Advances in Neural Information Processing Systems},
  volume={36},
  year={2024}
}

@article{metagpt,
  title={{MetaGPT}: Merging Large Language Models Using Model Exclusive Task Arithmetic},
  author={Zhou, Yuyan and Song, Liang and Wang, Bingning and Chen, Weipeng},
  journal={arXiv preprint arXiv:2406.11385},
  year={2024}
}

@article{task-arithmetic,
  title={Editing models with task arithmetic},
  author={Ilharco, Gabriel and Ribeiro, Marco Tulio and Wortsman, Mitchell and Gururangan, Suchin and Schmidt, Ludwig and Hajishirzi, Hannaneh and Farhadi, Ali},
  journal={arXiv preprint arXiv:2212.04089},
  year={2022}
}

@inproceedings{dare,
  title={Language models are super mario: Absorbing abilities from homologous models as a free lunch},
  author={Yu, Le and Yu, Bowen and Yu, Haiyang and Huang, Fei and Li, Yongbin},
  booktitle={Forty-first International Conference on Machine Learning},
  year={2024}
}

@article{qwen2-vl,
  title={Qwen2-vl: Enhancing vision-language model's perception of the world at any resolution},
  author={Wang, Peng and Bai, Shuai and Tan, Sinan and Wang, Shijie and Fan, Zhihao and Bai, Jinze and Chen, Keqin and Liu, Xuejing and Wang, Jialin and Ge, Wenbin and others},
  journal={arXiv preprint arXiv:2409.12191},
  year={2024}
}
 @article{llama,  
 title={LLaMA: Open and Efficient Foundation Language Models}, 
 author={Touvron, Hugo and Lavril, Thibaut and Izacard, Gautier and Martinet, Xavier and Lachaux, Marie-Anne and Lacroix, Timothâ€™ee and Rozi`ere, Baptiste and Goyal, Naman and Hambro, Eric and Azhar, Faisal and Rodriguez, Aurelien and Joulin, Armand and Grave, Edouard and Lample, Guillaume}, 
 language={en-US} 
 }

@article{llava-onevison,
  title={Llava-onevision: Easy visual task transfer},
  author={Li, Bo and Zhang, Yuanhan and Guo, Dong and Zhang, Renrui and Li, Feng and Zhang, Hao and Zhang, Kaichen and Li, Yanwei and Liu, Ziwei and Li, Chunyuan},
  journal={arXiv preprint arXiv:2408.03326},
  year={2024}
}

@article{cogvlm2,
  title={{CogVLM2}: Visual language models for image and video understanding},
  author={Hong, Wenyi and Wang, Weihan and Ding, Ming and Yu, Wenmeng and Lv, Qingsong and Wang, Yan and Cheng, Yean and Huang, Shiyu and Ji, Junhui and Xue, Zhao and others},
  journal={arXiv preprint arXiv:2408.16500},
  year={2024}
}

@inproceedings{llava1.5,
  title={Improved baselines with visual instruction tuning},
  author={Liu, Haotian and Li, Chunyuan and Li, Yuheng and Lee, Yong Jae},
  booktitle={Proceedings of the IEEE/CVF Conference on Computer Vision and Pattern Recognition},
  pages={26296--26306},
  year={2024}
}

@article{sharegpt4v,
  title={Sharegpt4v: Improving large multi-modal models with better captions},
  author={Chen, Lin and Li, Jinsong and Dong, Xiaoyi and Zhang, Pan and He, Conghui and Wang, Jiaqi and Zhao, Feng and Lin, Dahua},
  journal={arXiv preprint arXiv:2311.12793},
  year={2023}
}

@inproceedings{mplugowl2,
  title={mPLUG-OwI2: Revolutionizing Multi-modal Large Language Model with Modality Collaboration},
  author={Ye, Qinghao and Xu, Haiyang and Ye, Jiabo and Yan, Ming and Hu, Anwen and Liu, Haowei and Qian, Qi and Zhang, Ji and Huang, Fei},
  booktitle={2024 IEEE/CVF Conference on Computer Vision and Pattern Recognition (CVPR)},
  pages={13040--13051},
  year={2024},
  organization={IEEE}
}

@article{cogvlm,
  title={Cogvlm: Visual expert for pretrained language models},
  author={Wang, Weihan and Lv, Qingsong and Yu, Wenmeng and Hong, Wenyi and Qi, Ji and Wang, Yan and Ji, Junhui and Yang, Zhuoyi and Zhao, Lei and Song, Xixuan and others},
  journal={arXiv preprint arXiv:2311.03079},
  year={2023}
}

@inproceedings{modelcompose,
    title = "Model Composition for Multimodal Large Language Models",
    author = "Chen, Chi  and
      Du, Yiyang  and
      Fang, Zheng  and
      Wang, Ziyue  and
      Luo, Fuwen  and
      Li, Peng  and
      Yan, Ming  and
      Zhang, Ji  and
      Huang, Fei  and
      Sun, Maosong  and
      Liu, Yang",
    editor = "Ku, Lun-Wei  and
      Martins, Andre  and
      Srikumar, Vivek",
    booktitle = "Proceedings of the 62nd Annual Meeting of the Association for Computational Linguistics (Volume 1: Long Papers)",
    month = aug,
    year = "2024",
}

@misc{fusellm,
      title={Knowledge Fusion of Large Language Models}, 
      author={Fanqi Wan and Xinting Huang and Deng Cai and Xiaojun Quan and Wei Bi and Shuming Shi},
      year={2024},
      eprint={2401.10491},
      archivePrefix={arXiv},
      primaryClass={cs.CL},
      url={https://arxiv.org/abs/2401.10491}, 
}

@misc{fusechat,
      title={Knowledge Fusion of Chat LLMs: A Preliminary Technical Report}, 
      author={Fanqi Wan and Ziyi Yang and Longguang Zhong and Xiaojun Quan and Xinting Huang and Wei Bi},
      year={2024},
      eprint={2402.16107},
      archivePrefix={arXiv},
      primaryClass={cs.CL},
      url={https://arxiv.org/abs/2402.16107}, 
}

@article{xinstructblip,
  title={X-instructblip: A framework for aligning x-modal instruction-aware representations to llms and emergent cross-modal reasoning},
  author={Panagopoulou, Artemis and Xue, Le and Yu, Ning and Li, Junnan and Li, Dongxu and Joty, Shafiq and Xu, Ran and Savarese, Silvio and Xiong, Caiming and Niebles, Juan Carlos},
  journal={arXiv preprint arXiv:2311.18799},
  year={2023}
}

@misc{qwen2,
      title={Qwen2 Technical Report}, 
      author={An Yang and Baosong Yang and Binyuan Hui and Bo Zheng and Bowen Yu and Chang Zhou and Chengpeng Li and Chengyuan Li and Dayiheng Liu and Fei Huang and Guanting Dong and Haoran Wei and Huan Lin and Jialong Tang and Jialin Wang and Jian Yang and Jianhong Tu and Jianwei Zhang and Jianxin Ma and Jianxin Yang and Jin Xu and Jingren Zhou and Jinze Bai and Jinzheng He and Junyang Lin and Kai Dang and Keming Lu and Keqin Chen and Kexin Yang and Mei Li and Mingfeng Xue and Na Ni and Pei Zhang and Peng Wang and Ru Peng and Rui Men and Ruize Gao and Runji Lin and Shijie Wang and Shuai Bai and Sinan Tan and Tianhang Zhu and Tianhao Li and Tianyu Liu and Wenbin Ge and Xiaodong Deng and Xiaohuan Zhou and Xingzhang Ren and Xinyu Zhang and Xipin Wei and Xuancheng Ren and Xuejing Liu and Yang Fan and Yang Yao and Yichang Zhang and Yu Wan and Yunfei Chu and Yuqiong Liu and Zeyu Cui and Zhenru Zhang and Zhifang Guo and Zhihao Fan},
      year={2024},
      eprint={2407.10671},
      archivePrefix={arXiv},
      primaryClass={cs.CL},
      url={https://arxiv.org/abs/2407.10671}, 
}

@misc{opencompass,
    title={OpenCompass: A Universal Evaluation Platform for Foundation Models},
    author={OpenCompass Contributors},
    howpublished = {\url{https://github.com/open-compass/opencompass}},
    year={2023}
}

@inproceedings{attention,
 author = {Vaswani, Ashish and Shazeer, Noam and Parmar, Niki and Uszkoreit, Jakob and Jones, Llion and Gomez, Aidan N and Kaiser, \L ukasz and Polosukhin, Illia},
 booktitle = {Advances in Neural Information Processing Systems},
 editor = {I. Guyon and U. Von Luxburg and S. Bengio and H. Wallach and R. Fergus and S. Vishwanathan and R. Garnett},
 pages = {},
 publisher = {Curran Associates, Inc.},
 title = {Attention is All you Need},
 url = {https://proceedings.neurips.cc/paper_files/paper/2017/file/3f5ee243547dee91fbd053c1c4a845aa-Paper.pdf},
 volume = {30},
 year = {2017}
}

@misc{sundar2024multimodalattentionmergingimproved,
      title={Multimodal Attention Merging for Improved Speech Recognition and Audio Event Classification}, 
      author={Anirudh S. Sundar and Chao-Han Huck Yang and David M. Chan and Shalini Ghosh and Venkatesh Ravichandran and Phani Sankar Nidadavolu},
      year={2024},
      eprint={2312.14378},
      archivePrefix={arXiv},
      primaryClass={cs.LG},
      url={https://arxiv.org/abs/2312.14378}, 
}

@article{goddard2024mergekit,
  title={Arcee's MergeKit: A Toolkit for Merging Large Language Models},
  author={Goddard, Charles and Siriwardhana, Shamane and Ehghaghi, Malikeh and Meyers, Luke and Karpukhin, Vlad and Benedict, Brian and McQuade, Mark and Solawetz, Jacob},
  journal={arXiv preprint arXiv:2403.13257},
  year={2024}
}

@misc{open-llm-leaderboard-v2,
  author = {ClÃ©mentine Fourrier and Nathan Habib and Alina Lozovskaya and Konrad Szafer and Thomas Wolf},
  title = {Open LLM Leaderboard v2},
  year = {2024},
  publisher = {Hugging Face},
  howpublished = "\url{https://huggingface.co/spaces/open-llm-leaderboard/open_llm_leaderboard}",
}

@article{sung2023empirical,
  title={An Empirical Study of Multimodal Model Merging},
  author={Sung, Yi-Lin and Li, Linjie and Lin, Kevin and Gan, Zhe and Bansal, Mohit and Wang, Lijuan},
  journal={arXiv preprint arXiv:2304.14933},
  year={2023}
}

@article{sundar2023multimodal,
  title={Multimodal Attention Merging for Improved Speech Recognition and Audio Event Classification},
  author={Sundar, Anirudh S and Yang, Chao-Han Huck and Chan, David M and Ghosh, Shalini and Ravichandran, Venkatesh and Nidadavolu, Phani Sankar},
  journal={arXiv preprint arXiv:2312.14378},
  year={2023}
}

@misc{lmms-eval,
      title={LMMs-Eval: Reality Check on the Evaluation of Large Multimodal Models}, 
      author={Kaichen Zhang and Bo Li and Peiyuan Zhang and Fanyi Pu and Joshua Adrian Cahyono and Kairui Hu and Shuai Liu and Yuanhan Zhang and Jingkang Yang and Chunyuan Li and Ziwei Liu},
      year={2024},
      eprint={2407.12772},
      archivePrefix={arXiv},
      primaryClass={cs.CL},
      url={https://arxiv.org/abs/2407.12772}, 
}

@misc{vlmevalkit,
      title={VLMEvalKit: An Open-Source Toolkit for Evaluating Large Multi-Modality Models}, 
      author={Haodong Duan and Junming Yang and Yuxuan Qiao and Xinyu Fang and Lin Chen and Yuan Liu and Amit Agarwal and Zhe Chen and Mo Li and Yubo Ma and Hailong Sun and Xiangyu Zhao and Junbo Cui and Xiaoyi Dong and Yuhang Zang and Pan Zhang and Jiaqi Wang and Dahua Lin and Kai Chen},
      year={2024},
      eprint={2407.11691},
      archivePrefix={arXiv},
      primaryClass={cs.CV},
      url={https://arxiv.org/abs/2407.11691}, 
}

@inproceedings{sentence-bert,
  title = "Sentence-BERT: Sentence Embeddings using Siamese BERT-Networks",
  author = "Reimers, Nils and Gurevych, Iryna",
  booktitle = "Proceedings of the 2019 Conference on Empirical Methods in Natural Language Processing",
  month = "11",
  year = "2019",
  publisher = "Association for Computational Linguistics",
  url = "https://arxiv.org/abs/1908.10084",
}