@misc{zhang2024lmmsevalrealitycheckevaluation,
      title={LMMs-Eval: Reality Check on the Evaluation of Large Multimodal Models}, 
      author={Kaichen Zhang and Bo Li and Peiyuan Zhang and Fanyi Pu and Joshua Adrian Cahyono and Kairui Hu and Shuai Liu and Yuanhan Zhang and Jingkang Yang and Chunyuan Li and Ziwei Liu},
      year={2024},
      eprint={2407.12772},
      archivePrefix={arXiv},
      primaryClass={cs.CL},
      url={https://arxiv.org/abs/2407.12772}, 
}

