
#benchmark
@article{Li2022competition,
   title={Competition-level code generation with AlphaCode},
   author={Li, Yujia and Choi, David and Chung, Junyoung and Kushman, Nate and Schrittwieser, Julian and Leblond, Rémi and Eccles, Tom and Keeling, James and Gimeno, Felix and Dal Lago, Agustin and Hubert, Thomas and Choy, Peter and de Masson d’Autume, Cyprien and Babuschkin, Igor and Chen, Xinyun and Huang, Po-Sen and Welbl, Johannes and Gowal, Sven and Cherepanov, Alexey and Molloy, James and Mankowitz, Daniel J. and Sutherland Robson, Esme and Kohli, Pushmeet and de Freitas, Nando and Kavukcuoglu, Koray and Vinyals, Oriol},
   year={2022},
   pages={1092--1097},
   journal={Science}
}
@misc{aime25,
    title = {AIME Problems and Solutions},
    url = {https://artofproblemsolving.com/wiki/index.php/AIME_Problems_and_Solutions?srsltid=AfmBOoqMRu7nCAWAghgecAPTxAuvFXG_dCw_lClA52zkIAtNCYHJ0XSZ},
    author = {Google},
    year = {2025}
}
@misc{cnmo,
    title = {Chinese National High School Mathematics Olympiad},
    url = {https://www.cms.org.cn/Home/comp/comp/cid/12.html},
    author = {CMS},
    year = {2025}
}
@misc{aider,
    title = {Aider},
    url = {https://aider.chat/},
    author = {aider},
    year = {2025}
}
@misc{codeforce,
    title = {CodeForces},
    url = {https://codeforces.com/},
    author = {codeforce},
    year = {2025}
}
@misc{gaokao,
    title = {China's National College Entrance Examination},
    author = {NCEE},
    year = {2025}
}
@misc{kaoyan,
    title = {Chinese Graduate School Entrance Examinations},
    author = {GSEE},
    year = {2025}
}
@misc{chmath,
    title = {Chinese High School Mathematics League Competition},
    author = {CHSMLC},
    year = {2025}
}
@misc{numina_math_datasets,
  author = {Jia LI and Edward Beeching and Lewis Tunstall and Ben Lipkin and Roman Soletskyi and Shengyi Costa Huang and Kashif Rasul and Longhui Yu and Albert Jiang and Ziju Shen and Zihan Qin and Bin Dong and Li Zhou and Yann Fleureau and Guillaume Lample and Stanislas Polu},
  title = {NuminaMath},
  year = {2024},
  publisher = {Numina},
  journal = {GitHub repository},
  howpublished = {\url{[https://github.com/project-numina/aimo-progress-prize](https://github.com/project-numina/aimo-progress-prize/blob/main/report/numina_dataset.pdf)}}
}
@inproceedings{gao2025omnimath,
    title={Omni-{MATH}: A Universal Olympiad Level Mathematic Benchmark for Large Language Models},
    author={Bofei Gao and Feifan Song and Zhe Yang and Zefan Cai and Yibo Miao and Chenghao Ma and Shanghaoran Quan and Liang Chen and Qingxiu Dong and Runxin Xu and Zhengyang Tang and Benyou Wang and Daoguang Zan and Ge Zhang and Lei Li and Lei Sha and Yichang Zhang and Xuancheng Ren and Tianyu Liu and Baobao Chang},
    booktitle={International Conference on Learning Representations},
    year={2025},
    url={https://openreview.net/forum?id=yaqPf0KAlN}
}
@inproceedings{hendrycks2021measuring,
    title={Measuring Mathematical Problem Solving With the {MATH} Dataset},
    author={Dan Hendrycks and Collin Burns and Saurav Kadavath and Akul Arora and Steven Basart and Eric Tang and Dawn Song and Jacob Steinhardt},
    booktitle={Conference on Neural Information Processing Systems Datasets and Benchmarks Track},
    year={2021},
    url={https://openreview.net/forum?id=7Bywt2mQsCe}
}
@inproceedings{wang-etal-2024-math,
    title = {Math-Shepherd: Verify and Reinforce {LLM}s Step-by-step without Human Annotations},
    author = {Wang, Peiyi  and
      Li, Lei  and
      Shao, Zhihong  and
      Xu, Runxin  and
      Dai, Damai  and
      Li, Yifei  and
      Chen, Deli  and
      Wu, Yu  and
      Sui, Zhifang},
    booktitle = {Annual Meeting of the Association for Computational Linguistics},
    year = {2024},
    pages = {9426--9439}
}
@inproceedings{shi2024can,
    title={Can Language Models Solve Olympiad Programming?},
    author={Ben Shi and Michael Tang and Karthik R Narasimhan and Shunyu Yao},
    booktitle={Conference on Language Modeling},
    year={2024},
    url={https://openreview.net/forum?id=kGa4fMtP9l}
}
@inproceedings{jain2025livecodebench,
    title={LiveCodeBench: Holistic and Contamination Free Evaluation of Large Language Models for Code},
    author={Naman Jain and King Han and Alex Gu and Wen-Ding Li and Fanjia Yan and Tianjun Zhang and Sida Wang and Armando Solar-Lezama and Koushik Sen and Ion Stoica},
    booktitle={International Conference on Learning Representations},
    year={2025},
    url={https://openreview.net/forum?id=chfJJYC3iL}
}
@inproceedings{huang2024olympicarena,
    title={OlympicArena: Benchmarking Multi-discipline Cognitive Reasoning for Superintelligent {AI}},
    author={Zhen Huang and Zengzhi Wang and Shijie Xia and Xuefeng Li and Haoyang Zou and Ruijie Xu and Run-Ze Fan and Lyumanshan Ye and Ethan Chern and Yixin Ye and Yikai Zhang and Yuqing Yang and Ting Wu and Binjie Wang and Shichao Sun and Yang Xiao and Yiyuan Li and Fan Zhou and Steffi Chern and Yiwei Qin and Yan Ma and Jiadi Su and Yixiu Liu and Yuxiang Zheng and Shaoting Zhang and Dahua Lin and Yu Qiao and Pengfei Liu},
    booktitle={Conference on Neural Information Processing Systems Datasets and Benchmarks Track},
    year={2024},
    url={https://openreview.net/forum?id=ayF8bEKYQy}
}
@inproceedings{he2024olympiadbench,
    title = {{O}lympiad{B}ench: A Challenging Benchmark for Promoting {AGI} with Olympiad-Level Bilingual Multimodal Scientific Problems},
    author = {He, Chaoqun  and
      Luo, Renjie  and
      Bai, Yuzhuo  and
      Hu, Shengding  and
      Thai, Zhen  and
      Shen, Junhao  and
      Hu, Jinyi  and
      Han, Xu  and
      Huang, Yujie  and
      Zhang, Yuxiang  and
      Liu, Jie  and
      Qi, Lei  and
      Liu, Zhiyuan  and
      Sun, Maosong},
    booktitle = {Annual Meeting of the Association for Computational Linguistics},
    year = {2024},
    pages = {3828--3850}
}
@inproceedings{chen2023theoremqa,
    title = {{T}heorem{QA}: A Theorem-driven Question Answering Dataset},
    author = {Chen, Wenhu  and
      Yin, Ming  and
      Ku, Max  and
      Lu, Pan  and
      Wan, Yixin  and
      Ma, Xueguang  and
      Xu, Jianyu  and
      Wang, Xinyi  and
      Xia, Tony},
    booktitle = {Conference on Empirical Methods in Natural Language Processing},
    year = {2023},
    pages = {7889--7901},
    url={https://aclanthology.org/2023.emnlp-main.489/}
}
@inproceedings{arora2023have,
    title={Have {LLM}s Advanced Enough? A Challenging Problem Solving Benchmark For Large Language Models},
    author={Daman Arora and Himanshu Gaurav Singh and Mausam .},
    booktitle={Conference on Empirical Methods in Natural Language Processing},
    year={2023},
    url={https://openreview.net/forum?id=YHWXlESeS8}
}
@inproceedings{rein2024gpqa,
    title={{GPQA}: A Graduate-Level Google-Proof Q\&A Benchmark},
    author={David Rein and Betty Li Hou and Asa Cooper Stickland and Jackson Petty and Richard Yuanzhe Pang and Julien Dirani and Julian Michael and Samuel R. Bowman},
    booktitle={First Conference on Language Modeling},
    year={2024},
    url={https://openreview.net/forum?id=Ti67584b98}
}
@inproceedings{sun2024scieval,
    author = {Sun, Liangtai and Han, Yang and Zhao, Zihan and Ma, Da and Shen, Zhennan and Chen, Baocai and Chen, Lu and Yu, Kai},
    title = {SciEval: a multi-level large language model evaluation benchmark for scientific research},
    year = {2024},
    booktitle = {AAAI Conference on Artificial Intelligence and Thirty-Sixth Conference on Innovative Applications of Artificial Intelligence and Fourteenth Symposium on Educational Advances in Artificial Intelligence},
}
@inproceedings{munkhbat2025selftrainingelicitsconcisereasoning,
      title={Self-Training Elicits Concise Reasoning in Large Language Models}, 
      author={Tergel Munkhbat and Namgyu Ho and Seo Hyun Kim and Yongjin Yang and Yujin Kim and Se-Young Yun},
      year={2025},
      eprint={2502.20122},
      booktitle={arXiv},
      url={https://arxiv.org/abs/2502.20122}, 
}
@inproceedings{zhong2024agieval,
    title = {{AGIE}val: A Human-Centric Benchmark for Evaluating Foundation Models},
    author = {Zhong, Wanjun  and
      Cui, Ruixiang  and
      Guo, Yiduo  and
      Liang, Yaobo  and
      Lu, Shuai  and
      Wang, Yanlin  and
      Saied, Amin  and
      Chen, Weizhu  and
      Duan, Nan},
    booktitle = "Findings of North American Chapter of the Association for Computational Linguistics",
    year = {2024},
    pages = {2299--2314}
}
@inproceedings{jimenez2024swebench,
    title={{SWE}-bench: Can Language Models Resolve Real-world Github Issues?},
    author={Carlos E Jimenez and John Yang and Alexander Wettig and Shunyu Yao and Kexin Pei and Ofir Press and Karthik R Narasimhan},
    booktitle={International Conference on Learning Representations},
    year={2024},
    url={https://openreview.net/forum?id=VTF8yNQM66}
}
@inproceedings{wang2024mmlupro,
    title={{MMLU}-Pro: A More Robust and Challenging Multi-Task Language Understanding Benchmark},
    author={Yubo Wang and Xueguang Ma and Ge Zhang and Yuansheng Ni and Abhranil Chandra and Shiguang Guo and Weiming Ren and Aaran Arulraj and Xuan He and Ziyan Jiang and Tianle Li and Max Ku and Kai Wang and Alex Zhuang and Rongqi Fan and Xiang Yue and Wenhu Chen},
    booktitle={Conference on Neural Information Processing Systems Datasets and Benchmarks Track},
    year={2024},
    url={https://openreview.net/forum?id=y10DM6R2r3}
}
@inproceedings{dubois2024lengthcontrolledalpacaevalsimpleway,
      title={Length-Controlled AlpacaEval: A Simple Way to Debias Automatic Evaluators}, 
      author={Yann Dubois and Balázs Galambosi and Percy Liang and Tatsunori B. Hashimoto},
      year={2024},
      eprint={2404.04475},
      booktitle={arXiv},
      url={https://arxiv.org/abs/2404.04475}, 
}
@inproceedings{li2024crowdsourceddatahighqualitybenchmarks,
      title={From Crowdsourced Data to High-Quality Benchmarks: Arena-Hard and BenchBuilder Pipeline}, 
      author={Tianle Li and Wei-Lin Chiang and Evan Frick and Lisa Dunlap and Tianhao Wu and Banghua Zhu and Joseph E. Gonzalez and Ion Stoica},
      year={2024},
      eprint={2406.11939},
      booktitle={arXiv},
      url={https://arxiv.org/abs/2406.11939}, 
}
@inproceedings{zhou2023instructionfollowing,
      title={Instruction-Following Evaluation for Large Language Models}, 
      author={Jeffrey Zhou and Tianjian Lu and Swaroop Mishra and Siddhartha Brahma and Sujoy Basu and Yi Luan and Denny Zhou and Le Hou},
      year={2023},
      eprint={2311.07911},
      booktitle={arXiv},
      url={https://arxiv.org/abs/2311.07911}, 
}
@misc{wei2024measuringshortformfactualitylarge,
      title={Measuring short-form factuality in large language models}, 
      author={Jason Wei and Nguyen Karina and Hyung Won Chung and Yunxin Joy Jiao and Spencer Papay and Amelia Glaese and John Schulman and William Fedus},
      year={2024},
      eprint={2411.04368},
      booktitle={arXiv},
      url={https://arxiv.org/abs/2411.04368}, 
}
@misc{krishna2025factfetchreasonunified,
      title={Fact, Fetch, and Reason: A Unified Evaluation of Retrieval-Augmented Generation}, 
      author={Satyapriya Krishna and Kalpesh Krishna and Anhad Mohananey and Steven Schwarcz and Adam Stambler and Shyam Upadhyay and Manaal Faruqui},
      year={2025},
      eprint={2409.12941},
      booktitle={arXiv},
      url={https://arxiv.org/abs/2409.12941}, 
}
@misc{he2024chinesesimpleqachinesefactuality,
      title={Chinese SimpleQA: A Chinese Factuality Evaluation for Large Language Models}, 
      author={Yancheng He and Shilong Li and Jiaheng Liu and Yingshui Tan and Weixun Wang and Hui Huang and Xingyuan Bu and Hangyu Guo and Chengwei Hu and Boren Zheng and Zhuoran Lin and Xuepeng Liu and Dekai Sun and Shirong Lin and Zhicheng Zheng and Xiaoyong Zhu and Wenbo Su and Bo Zheng},
      year={2024},
      eprint={2411.07140},
      booktitle={arXiv},
      url={https://arxiv.org/abs/2411.07140}, 
}
@inproceedings{huang2023ceval,
    title={C-Eval: A Multi-Level Multi-Discipline Chinese Evaluation Suite for Foundation Models},
    author={Yuzhen Huang and Yuzhuo Bai and Zhihao Zhu and Junlei Zhang and Jinghan Zhang and Tangjun Su and Junteng Liu and Chuancheng Lv and Yikai Zhang and jiayi lei and Yao Fu and Maosong Sun and Junxian He},
    booktitle={Conference on Neural Information Processing Systems Datasets and Benchmarks Track},
    year={2023},
    url={https://openreview.net/forum?id=fOrm2rGX2r}
}
@inproceedings{yu2024mm,
  title={MM-Vet: Evaluating Large Multimodal Models for Integrated Capabilities},
  author={Yu, Weihao and Yang, Zhengyuan and Li, Linjie and Wang, Jianfeng and Lin, Kevin and Liu, Zicheng and Wang, Xinchao and Wang, Lijuan},
  booktitle={International Conference on Machine Learning},
  pages={57730--57754},
  year={2024},
  organization={PMLR}
}
@inproceedings{liu2024mmbench,
  title={MMBench: Is Your Multi-modal Model an All-Around Player?},
  author={Liu, Yuan and Duan, Haodong and Zhang, Yuanhan and Li, Bo and Zhang, Songyang and Zhao, Wangbo and Yuan, Yike and Wang, Jiaqi and He, Conghui and Liu, Ziwei and others},
  booktitle={European Conference on Computer Vision},
  pages={216--233},
  year={2024}
}
@inproceedings{lumathvista,
  title={MathVista: Evaluating Mathematical Reasoning of Foundation Models in Visual Contexts},
  author={Lu, Pan and Bansal, Hritik and Xia, Tony and Liu, Jiacheng and Li, Chunyuan and Hajishirzi, Hannaneh and Cheng, Hao and Chang, Kai-Wei and Galley, Michel and Gao, Jianfeng},
  year={2024},
  booktitle={The Twelfth International Conference on Learning Representations}
}
@article{chen2024we,
  title={Are we on the right way for evaluating large vision-language models?},
  author={Chen, Lin and Li, Jinsong and Dong, Xiaoyi and Zhang, Pan and Zang, Yuhang and Chen, Zehui and Duan, Haodong and Wang, Jiaqi and Qiao, Yu and Lin, Dahua and others},
  journal={arXiv preprint arXiv:2403.20330},
  year={2024}
}
@inproceedings{wang2024measuring,
    title={Measuring Multimodal Mathematical Reasoning with {MATH}-Vision Dataset},
    author={Ke Wang and Junting Pan and Weikang Shi and Zimu Lu and Houxing Ren and Aojun Zhou and Mingjie Zhan and Hongsheng Li},
    booktitle={Conference on Neural Information Processing Systems Datasets and Benchmarks Track},
    year={2024},
    url={https://openreview.net/forum?id=QWTCcxMpPA}
}
@inproceedings{lu2024mathvista,
      title={MathVista: Evaluating Mathematical Reasoning of Foundation Models in Visual Contexts}, 
      author={Pan Lu and Hritik Bansal and Tony Xia and Jiacheng Liu and Chunyuan Li and Hannaneh Hajishirzi and Hao Cheng and Kai-Wei Chang and Michel Galley and Jianfeng Gao},
      year={2024},
      eprint={2310.02255},
      booktitle={arXiv},
      url={https://arxiv.org/abs/2310.02255}, 
}
@inproceedings{yue2024mmmu,
      title={MMMU: A Massive Multi-discipline Multimodal Understanding and Reasoning Benchmark for Expert AGI}, 
      author={Xiang Yue and Yuansheng Ni and Kai Zhang and Tianyu Zheng and Ruoqi Liu and Ge Zhang and Samuel Stevens and Dongfu Jiang and Weiming Ren and Yuxuan Sun and Cong Wei and Botao Yu and Ruibin Yuan and Renliang Sun and Ming Yin and Boyuan Zheng and Zhenzhu Yang and Yibo Liu and Wenhao Huang and Huan Sun and Yu Su and Wenhu Chen},
      year={2024},
      eprint={2311.16502},
      booktitle={arXiv},
      url={https://arxiv.org/abs/2311.16502}, 
}

@article{phan2025humanity,
  title={Humanity's Last Exam},
  author={Phan, Long and Gatti, Alice and Han, Ziwen and Li, Nathaniel and Hu, Josephina and Zhang, Hugh and Shi, Sean and Choi, Michael and Agrawal, Anish and Chopra, Arnav and others},
  journal={arXiv preprint arXiv:2501.14249},
  year={2025}
}
@inproceedings{parashar2025inferencetime,
      title={Inference-Time Computations for LLM Reasoning and Planning: A Benchmark and Insights}, 
      author={Shubham Parashar and Blake Olson and Sambhav Khurana and Eric Li and Hongyi Ling and James Caverlee and Shuiwang Ji},
      year={2025},
      eprint={2502.12521},
      booktitle={arXiv},
      url={https://arxiv.org/abs/2502.12521}, 
}
@inproceedings{zhang2025crowd,
      title={Crowd Comparative Reasoning: Unlocking Comprehensive Evaluations for LLM-as-a-Judge}, 
      author={Qiyuan Zhang and Yufei Wang and Yuxin Jiang and Liangyou Li and Chuhan Wu and Yasheng Wang and Xin Jiang and Lifeng Shang and Ruiming Tang and Fuyuan Lyu and Chen Ma},
      year={2025},
      eprint={2502.12501},
      booktitle={arXiv},
      url={https://arxiv.org/abs/2502.12501}, 
}
@inproceedings{lewkowycz2022solving,
    title={Solving Quantitative Reasoning Problems with Language Models},
    author={Aitor Lewkowycz and Anders Johan Andreassen and David Dohan and Ethan Dyer and Henryk Michalewski and Vinay Venkatesh Ramasesh and Ambrose Slone and Cem Anil and Imanol Schlag and Theo Gutman-Solo and Yuhuai Wu and Behnam Neyshabur and Guy Gur-Ari and Vedant Misra},
    booktitle={Conference on Neural Information Processing Systems},
    editor={Alice H. Oh and Alekh Agarwal and Danielle Belgrave and Kyunghyun Cho},
    year={2022},
    url={https://openreview.net/forum?id=IFXTZERXdM7}
}
@article{nori2024medprompt,
  title={From medprompt to o1: Exploration of run-time strategies for medical challenge problems and beyond},
  author={Nori, Harsha and Usuyama, Naoto and King, Nicholas and McKinney, Scott Mayer and Fernandes, Xavier and Zhang, Sheng and Horvitz, Eric},
  journal={arXiv preprint arXiv:2411.03590},
  year={2024}
}
@inproceedings{muennighoff2025s1,
      title={{s1}: Simple test-time scaling}, 
      author={Niklas Muennighoff and Zitong Yang and Weijia Shi and Xiang Lisa Li and Li Fei-Fei and Hannaneh Hajishirzi and Luke Zettlemoyer and Percy Liang and Emmanuel Candès and Tatsunori Hashimoto},
      year={2025},
      eprint={2501.19393},
      booktitle={arXiv},
      url={https://arxiv.org/abs/2501.19393}, 
}
@article{cobbe2021training,
  title={Training verifiers to solve math word problems},
  author={Cobbe, Karl and Kosaraju, Vineet and Bavarian, Mohammad and Chen, Mark and Jun, Heewoo and Kaiser, Lukasz and Plappert, Matthias and Tworek, Jerry and Hilton, Jacob and Nakano, Reiichiro and others},
  journal={arXiv preprint arXiv:2110.14168},
  year={2021}
}
@misc{glazer2024frontiermath,
      title={FrontierMath: A Benchmark for Evaluating Advanced Mathematical Reasoning in AI}, 
      author={Elliot Glazer and Ege Erdil and Tamay Besiroglu and Diego Chicharro and Evan Chen and Alex Gunning and Caroline Falkman Olsson and Jean-Stanislas Denain and Anson Ho and Emily de Oliveira Santos and Olli Järviniemi and Matthew Barnett and Robert Sandler and Matej Vrzala and Jaime Sevilla and Qiuyu Ren and Elizabeth Pratt and Lionel Levine and Grant Barkley and Natalie Stewart and Bogdan Grechuk and Tetiana Grechuk and Shreepranav Varma Enugandla and Mark Wildon},
      year={2024},
      eprint={2411.04872},
      booktitle={arXiv},
      url={https://arxiv.org/abs/2411.04872}, 
}
@article{tong2024cambrian,
  title={Cambrian-1: A fully open, vision-centric exploration of multimodal llms},
  author={Tong, Peter and Brown, Ellis and Wu, Penghao and Woo, Sanghyun and IYER, Adithya Jairam Vedagiri and Akula, Sai Charitha and Yang, Shusheng and Yang, Jihan and Middepogu, Manoj and Wang, Ziteng and others},
  journal={Advances in Neural Information Processing Systems},
  volume={37},
  pages={87310--87356},
  year={2024}
}
@article{liu2023visual,
  title={Visual instruction tuning},
  author={Liu, Haotian and Li, Chunyuan and Wu, Qingyang and Lee, Yong Jae},
  journal={Advances in neural information processing systems},
  volume={36},
  pages={34892--34916},
  year={2023}
}
@article{rohrbach2018object,
  title={Object hallucination in image captioning},
  author={Rohrbach, Anna and Hendricks, Lisa Anne and Burns, Kaylee and Darrell, Trevor and Saenko, Kate},
  journal={arXiv preprint arXiv:1809.02156},
  year={2018}
}
@article{sun2023aligning,
  title={Aligning large multimodal models with factually augmented rlhf},
  author={Sun, Zhiqing and Shen, Sheng and Cao, Shengcao and Liu, Haotian and Li, Chunyuan and Shen, Yikang and Gan, Chuang and Gui, Liang-Yan and Wang, Yu-Xiong and Yang, Yiming and others},
  journal={arXiv preprint arXiv:2309.14525},
  year={2023}
}
@inproceedings{
zhang2024rest,
title={Re{ST}-{MCTS}*: {LLM} Self-Training via Process Reward Guided Tree Search},
author={Dan Zhang and Sining Zhoubian and Ziniu Hu and Yisong Yue and Yuxiao Dong and Jie Tang},
booktitle={The Thirty-eighth Annual Conference on Neural Information Processing Systems},
year={2024},
url={https://openreview.net/forum?id=8rcFOqEud5}
}
@inproceedings{liu2024rmbenchbenchmarkingrewardmodels,
      title={RM-Bench: Benchmarking Reward Models of Language Models with Subtlety and Style}, 
      author={Yantao Liu and Zijun Yao and Rui Min and Yixin Cao and Lei Hou and Juanzi Li},
      year={2024},
      eprint={2410.16184},
      booktitle={arXiv},
      url={https://arxiv.org/abs/2410.16184}, 
}
@inproceedings{frick2024evaluaterewardmodelsrlhf,
      title={How to Evaluate Reward Models for RLHF}, 
      author={Evan Frick and Tianle Li and Connor Chen and Wei-Lin Chiang and Anastasios N. Angelopoulos and Jiantao Jiao and Banghua Zhu and Joseph E. Gonzalez and Ion Stoica},
      year={2024},
      eprint={2410.14872},
      booktitle={arXiv},
      url={https://arxiv.org/abs/2410.14872}, 
}
@inproceedings{zhou2025rmbcomprehensivelybenchmarkingreward,
      title={RMB: Comprehensively Benchmarking Reward Models in LLM Alignment}, 
      author={Enyu Zhou and Guodong Zheng and Binghai Wang and Zhiheng Xi and Shihan Dou and Rong Bao and Wei Shen and Limao Xiong and Jessica Fan and Yurong Mou and Rui Zheng and Tao Gui and Qi Zhang and Xuanjing Huang},
      year={2025},
      eprint={2410.09893},
      booktitle={arXiv},
      url={https://arxiv.org/abs/2410.09893}, 
}