
@misc{skyt12025,
    author       = {NovaSky},
    title        = {Sky-T1: Train your own O1 preview model within \$450},
    howpublished = {https://novasky-ai.github.io/posts/sky-t1},
    note         = {Accessed: 2025-01-09},
    year         = {2025}
}
@inproceedings{zhang2024o1coder,
    title={o1-Coder: an o1 Replication for Coding}, 
    author={Yuxiang Zhang and Shangxi Wu and Yuqi Yang and Jiangming Shu and Jinlin Xiao and Chao Kong and Jitao Sang},
    year={2024},
    eprint={2412.00154},
    booktitle={arXiv},
    url={https://arxiv.org/abs/2412.00154}, 
}
@inproceedings{GAIR-o1p1,
    title={O1 Replication Journey: A Strategic Progress Report -- Part 1}, 
    author={Yiwei Qin and Xuefeng Li and Haoyang Zou and Yixiu Liu and Shijie Xia and Zhen Huang and Yixin Ye and Weizhe Yuan and Hector Liu and Yuanzhi Li and Pengfei Liu},
    year={2024},
    eprint={2410.18982},
    booktitle={arXiv},
    url={https://arxiv.org/abs/2410.18982}, 
}
@inproceedings{GAIR-o1p2,
    title={O1 Replication Journey -- Part 2: Surpassing O1-preview through Simple Distillation, Big Progress or Bitter Lesson?}, 
    author={Zhen Huang and Haoyang Zou and Xuefeng Li and Yixiu Liu and Yuxiang Zheng and Ethan Chern and Shijie Xia and Yiwei Qin and Weizhe Yuan and Pengfei Liu},
    year={2024},
    eprint={2411.16489},
    booktitle={arXiv},
    url={https://arxiv.org/abs/2411.16489}, 
}
@inproceedings{GAIR-o1p3,
    title={O1 Replication Journey -- Part 3: Inference-time Scaling for Medical Reasoning}, 
    author={Zhongzhen Huang and Gui Geng and Shengyi Hua and Zhen Huang and Haoyang Zou and Shaoting Zhang and Pengfei Liu and Xiaofan Zhang},
    year={2025},
    eprint={2501.06458},
    booktitle={arXiv},
    url={https://arxiv.org/abs/2501.06458}, 
}