
# Model
@inproceedings{deepseek-r1,
    title={DeepSeek-R1: Incentivizing Reasoning Capability in LLMs via Reinforcement Learning}, 
    author={DeepSeek-AI},
    year={2025},
    eprint={2501.12948},
    booktitle={arXiv},
    url={https://arxiv.org/abs/2501.12948}, 
}
@misc{deepseek-math,
    title={DeepSeekMath: Pushing the Limits of Mathematical Reasoning in Open Language Models}, 
    author={Zhihong Shao and Peiyi Wang and Qihao Zhu and Runxin Xu and Junxiao Song and Xiao Bi and Haowei Zhang and Mingchuan Zhang and Y. K. Li and Y. Wu and Daya Guo},
    year={2024},
    eprint={2402.03300},
    booktitle={arXiv},
    url={https://arxiv.org/abs/2402.03300}, 
}
@misc{geminithinking,
    title = {Gemini 2.0 Flash Thinking},
    url = {https://cloud.google.com/vertex-ai/generative-ai/docs/thinking-mode},
    author = {Google},
    month = {December},
    year = {2024}
}
@inproceedings{openai-gpt4,
    title={GPT-4 Technical Report}, 
    author={OpenAI},
    year={2024},
    eprint={2303.08774},
    booktitle={arXiv},
    url={https://arxiv.org/abs/2303.08774}, 
}
@inproceedings{openai-o1,
    title={OpenAI o1 System Card}, 
    author={OpenAI},
    year={2024},
    eprint={2412.16720},
    booktitle={arXiv},
    url={https://arxiv.org/abs/2412.16720}, 
}
@misc{openai-o3,
    title = {OpenAI o3-mini System Card},
    author = {OpenAI},
    month = {January},
    year = {2025},
    url = {https://cdn.openai.com/o3-mini-system-card-feb10.pdf}
}
@misc{openai-deepresearch,
    title = {OpenAI Deep Research System Card},
    author = {OpenAI},
    month = {February},
    year = {2025},
    url = {https://cdn.openai.com/deep-research-system-card.pdf}
}
@misc{qwq-32b-preview,
    title = {QwQ: Reflect Deeply on the Boundaries of the Unknown},
    url = {https://qwenlm.github.io/blog/qwq-32b-preview/},
    author = {Qwen},
    month = {November},
    year = {2024}
}
@misc{xai-gork3,
    title = {Grok 3 Beta - The Age of Reasoning Agents},
    url = {https://x.ai/news/grok-3},
    author = {xAI},
    month = {February},
    year = {2025}
}
@inproceedings{kimi-k1.5,
    title={Kimi k1.5: Scaling Reinforcement Learning with LLMs}, 
    author={Kimi},
    year={2025},
    eprint={2501.12599},
    booktitle={arXiv},
    url={https://arxiv.org/abs/2501.12599}, 
}
@article{bai2022constitutional,
    title={Constitutional ai: Harmlessness from ai feedback},
    author={Bai, Yuntao and Kadavath, Saurav and Kundu, Sandipan and Askell, Amanda and Kernion, Jackson and Jones, Andy and Chen, Anna and Goldie, Anna and Mirhoseini, Azalia and McKinnon, Cameron and others},
    journal={arXiv preprint arXiv:2212.08073},
    year={2022}
}
