
% Journals

% First the Full Name is given, then the abbreviation used in the AMS Math
% Reviews, with an indication if it could not be found there.
% Note the 2nd overwrites the 1st, so swap them if you want the full name.

 %{AMS}
 @String{AMSTrans = "American Mathematical Society Translations" }
 @String{AMSTrans = "Amer. Math. Soc. Transl." }
 @String{BullAMS = "Bulletin of the American Mathematical Society" }
 @String{BullAMS = "Bull. Amer. Math. Soc." }
 @String{ProcAMS = "Proceedings of the American Mathematical Society" }
 @String{ProcAMS = "Proc. Amer. Math. Soc." }
 @String{TransAMS = "Transactions of the American Mathematical Society" }
 @String{TransAMS = "Trans. Amer. Math. Soc." }

 %ACM
 @String{CACM = "Communications of the {ACM}" }
 @String{CACM = "Commun. {ACM}" }
 @String{CompServ = "Comput. Surveys" }
 @String{JACM = "J. ACM" }
 @String{ACMMathSoft = "{ACM} Transactions on Mathematical Software" }
 @String{ACMMathSoft = "{ACM} Trans. Math. Software" }
 @String{SIGNUM = "{ACM} {SIGNUM} Newsletter" }
 @String{SIGNUM = "{ACM} {SIGNUM} Newslett." }

 @String{AmerSocio = "American Journal of Sociology" }
 @String{AmerStatAssoc = "Journal of the American Statistical Association" }
 @String{AmerStatAssoc = "J. Amer. Statist. Assoc." }
 @String{ApplMathComp = "Applied Mathematics and Computation" }
 @String{ApplMathComp = "Appl. Math. Comput." }
 @String{AmerMathMonthly = "American Mathematical Monthly" }
 @String{AmerMathMonthly = "Amer. Math. Monthly" }
 @String{BIT = "{BIT}" }
 @String{BritStatPsych = "British Journal of Mathematical and Statistical
          Psychology" }
 @String{BritStatPsych = "Brit. J. Math. Statist. Psych." }
 @String{CanMathBull = "Canadian Mathematical Bulletin" }
 @String{CanMathBull = "Canad. Math. Bull." }
 @String{CompApplMath = "Journal of Computational and Applied Mathematics" }
 @String{CompApplMath = "J. Comput. Appl. Math." }
 @String{CompPhys = "Journal of Computational Physics" }
 @String{CompPhys = "J. Comput. Phys." }
 @String{CompStruct = "Computers and Structures" }
 @String{CompStruct = "Comput. \& Structures" }
 @String{CompJour = "The Computer Journal" }
 @String{CompJour = "Comput. J." }
 @String{CompSysSci = "Journal of Computer and System Sciences" }
 @String{CompSysSci = "J. Comput. System Sci." }
 @String{Computing = "Computing" }
 @String{ContempMath = "Contemporary Mathematics" }
 @String{ContempMath = "Contemp. Math." }
 @String{Crelle = "Crelle's Journal" }
 @String{GiornaleMath = "Giornale di Mathematiche" }
 @String{GiornaleMath = "Giorn. Mat." } % didn't find in AMS MR., ibid.

 %IEEE
 @String{Computer = "{IEEE} Computer" }
 @String{IEEETransComp = "{IEEE} Transactions on Computers" }
 @String{IEEETransComp = "{IEEE} Trans. Comput." }
 @String{IEEETransAC = "{IEEE} Transactions on Automatic Control" }
 @String{IEEETransAC = "{IEEE} Trans. Automat. Control" }
 @String{IEEESpec = "{IEEE} Spectrum" } % didn't find in AMS MR
 @String{ProcIEEE = "Proceedings of the {IEEE}" }
 @String{ProcIEEE = "Proc. {IEEE}" } % didn't find in AMS MR
 @String{IEEETransAeroElec = "{IEEE} Transactions on Aerospace and Electronic
     Systems" }
 @String{IEEETransAeroElec = "{IEEE} Trans. Aerospace Electron. Systems" }

 @String{IMANumerAna = "{IMA} Journal of Numerical Analysis" }
 @String{IMANumerAna = "{IMA} J. Numer. Anal." }
 @String{InfProcLet = "Information Processing Letters" }
 @String{InfProcLet = "Inform. Process. Lett." }
 @String{InstMathApp = "Journal of the Institute of Mathematics and
     its Applications" }
 @String{InstMathApp = "J. Inst. Math. Appl." }
 @String{IntControl = "International Journal of Control" }
 @String{IntControl = "Internat. J. Control" }
 @String{IntNumerEng = "International Journal for Numerical Methods in
     Engineering" }
 @String{IntNumerEng = "Internat. J. Numer. Methods Engrg." }
 @String{IntSuper = "International Journal of Supercomputing Applications" }
 @String{IntSuper = "Internat. J. Supercomputing Applic." } % didn't find
%% in AMS MR
 @String{Kibernetika = "Kibernetika" }
 @String{JResNatBurStand = "Journal of Research of the National Bureau
     of Standards" }
 @String{JResNatBurStand = "J. Res. Nat. Bur. Standards" }
 @String{LinAlgApp = "Linear Algebra and its Applications" }
 @String{LinAlgApp = "Linear Algebra Appl." }
 @String{MathAnaAppl = "Journal of Mathematical Analysis and Applications" }
 @String{MathAnaAppl = "J. Math. Anal. Appl." }
 @String{MathAnnalen = "Mathematische Annalen" }
 @String{MathAnnalen = "Math. Ann." }
 @String{MathPhys = "Journal of Mathematical Physics" }
 @String{MathPhys = "J. Math. Phys." }
 @String{MathComp = "Mathematics of Computation" }
 @String{MathComp = "Math. Comp." }
 @String{MathScand = "Mathematica Scandinavica" }
 @String{MathScand = "Math. Scand." }
 @String{TablesAidsComp = "Mathematical Tables and Other Aids to Computation" }
 @String{TablesAidsComp = "Math. Tables Aids Comput." }
 @String{NumerMath = "Numerische Mathematik" }
 @String{NumerMath = "Numer. Math." }
 @String{PacificMath = "Pacific Journal of Mathematics" }
 @String{PacificMath = "Pacific J. Math." }
 @String{ParDistComp = "Journal of Parallel and Distributed Computing" }
 @String{ParDistComp = "J. Parallel and Distrib. Comput." } % didn't find
%% in AMS MR
 @String{ParComputing = "Parallel Computing" }
 @String{ParComputing = "Parallel Comput." }
 @String{PhilMag = "Philosophical Magazine" }
 @String{PhilMag = "Philos. Mag." }
 @String{ProcNAS = "Proceedings of the National Academy of Sciences
                    of the USA" }
 @String{ProcNAS = "Proc. Nat. Acad. Sci. U. S. A." }
 @String{Psychometrika = "Psychometrika" }
 @String{QuartMath = "Quarterly Journal of Mathematics, Oxford, Series (2)" }
 @String{QuartMath = "Quart. J. Math. Oxford Ser. (2)" }
 @String{QuartApplMath = "Quarterly of Applied Mathematics" }
 @String{QuartApplMath = "Quart. Appl. Math." }
 @String{RevueInstStat = "Review of the International Statisical Institute" }
 @String{RevueInstStat = "Rev. Inst. Internat. Statist." }

 %SIAM
 @String{JSIAM = "Journal of the Society for Industrial and Applied
     Mathematics" }
 @String{JSIAM = "J. Soc. Indust. Appl. Math." }
 @String{JSIAMB = "Journal of the Society for Industrial and Applied
     Mathematics, Series B, Numerical Analysis" }
 @String{JSIAMB = "J. Soc. Indust. Appl. Math. Ser. B Numer. Anal." }
 @String{SIAMAlgMeth = "{SIAM} Journal on Algebraic and Discrete Methods" }
 @String{SIAMAlgMeth = "{SIAM} J. Algebraic Discrete Methods" }
 @String{SIAMAppMath = "{SIAM} Journal on Applied Mathematics" }
 @String{SIAMAppMath = "{SIAM} J. Appl. Math." }
 @String{SIAMComp = "{SIAM} Journal on Computing" }
 @String{SIAMComp = "{SIAM} J. Comput." }
 @String{SIAMMatrix = "{SIAM} Journal on Matrix Analysis and Applications" }
 @String{SIAMMatrix = "{SIAM} J. Matrix Anal. Appl." }
 @String{SIAMNumAnal = "{SIAM} Journal on Numerical Analysis" }
 @String{SIAMNumAnal = "{SIAM} J. Numer. Anal." }
 @String{SIAMReview = "{SIAM} Review" }
 @String{SIAMReview = "{SIAM} Rev." }
 @String{SIAMSciStat = "{SIAM} Journal on Scientific and Statistical
     Computing" }
 @String{SIAMSciStat = "{SIAM} J. Sci. Statist. Comput." }

 @String{SoftPracExp = "Software Practice and Experience" }
 @String{SoftPracExp = "Software Prac. Experience" } % didn't find in AMS MR
 @String{StatScience = "Statistical Science" }
 @String{StatScience = "Statist. Sci." }
 @String{Techno = "Technometrics" }
 @String{USSRCompMathPhys = "{USSR} Computational Mathematics and Mathematical
     Physics" }
 @String{USSRCompMathPhys = "{U. S. S. R.} Comput. Math. and Math. Phys." }
 @String{VLSICompSys = "Journal of {VLSI} and Computer Systems" }
 @String{VLSICompSys = "J. {VLSI} Comput. Syst." }
 @String{ZAngewMathMech = "Zeitschrift fur Angewandte Mathematik und
     Mechanik" }
 @String{ZAngewMathMech = "Z. Angew. Math. Mech." }
 @String{ZAngewMathPhys = "Zeitschrift fur Angewandte Mathematik und Physik" }
 @String{ZAngewMathPhys = "Z. Angew. Math. Phys." }

% Publishers % ================================================= |

 @String{Academic = "Academic Press" }
 @String{ACMPress = "{ACM} Press" }
 @String{AdamHilger = "Adam Hilger" }
 @String{AddisonWesley = "Addison-Wesley" }
 @String{AllynBacon = "Allyn and Bacon" }
 @String{AMS = "American Mathematical Society" }
 @String{Birkhauser = "Birkha{\"u}ser" }
 @String{CambridgePress = "Cambridge University Press" }
 @String{Chelsea = "Chelsea" }
 @String{ClaredonPress = "Claredon Press" }
 @String{DoverPub = "Dover Publications" }
 @String{Eyolles = "Eyolles" }
 @String{HoltRinehartWinston = "Holt, Rinehart and Winston" }
 @String{Interscience = "Interscience" }
 @String{JohnsHopkinsPress = "The Johns Hopkins University Press" }
 @String{JohnWileySons = "John Wiley and Sons" }
 @String{Macmillan = "Macmillan" }
 @String{MathWorks = "The Math Works Inc." }
 @String{McGrawHill = "McGraw-Hill" }
 @String{NatBurStd = "National Bureau of Standards" }
 @String{NorthHolland = "North-Holland" }
 @String{OxfordPress = "Oxford University Press" }  %address Oxford or London?
 @String{PergamonPress = "Pergamon Press" }
 @String{PlenumPress = "Plenum Press" }
 @String{PrenticeHall = "Prentice-Hall" }
 @String{SIAMPub = "{SIAM} Publications" }
 @String{Springer = "Springer-Verlag" }
 @String{TexasPress = "University of Texas Press" }
 @String{VanNostrand = "Van Nostrand" }
 @String{WHFreeman = "W. H. Freeman and Co." }

%Entries

% Use this file for citations not found in the ACL Anthology (contained in "anthology.bib").
@inproceedings{ma2024reconsidering,
	author = {Ma, Hengzhao and Li, Jianzhong and Zhang, Yong},
	booktitle = {2024 {IEEE} 40th {International} {Conference} on {Data} {Engineering} ({ICDE})},
	year = {2024},
	pages = {},
	organization = {IEEE},
	title = {Reconsidering {Tree} based {Methods} for k-{Maximum} {Inner}-{Product} {Search}: The {LRUS}-{CoverTree}},
	volume = {},
}
@article{j√©gou2011product,
	author = {J{\' e}gou, H and Douze, M and Schmid, C},
	journal = {IEEE Transactions on Pattern Analysis and Machine Intelligence},
	number = {1},
	year = {2011},
	pages = {117--128},
	publisher = {IEEE},
	title = {Product {Quantization} for {Nearest} {Neighbor} {Search}},
	volume = {33},
}
@inproceedings{datar2004localitysensitive,
	author = {Datar, Mayur and Immorlica, Nicole and Indyk, Piotr and Mirrokni, Vahab S.},
	booktitle = {International {Symposium} on {Computational} {Geometry} ({SoCG})},
	year = {2004},
	pages = {253--262},
	organization = {},
	title = {Locality-sensitive hashing scheme based on p-stable distributions.},
	volume = {},
}
@article{jiang2023chameleon,
	author = {Jiang, Wenqi and Zeller, Marco and Waleffe, Roger and Hoefler, Torsten and Alonso, Gustavo},
	journal = {arXiv},
	year = {2023},
	pages = {},
	publisher = {},
	title = {Chameleon: a {Heterogeneous} and {Disaggregated} {Accelerator} {System} for {Retrieval}-{Augmented} {Language} {Models}},
	volume = {abs/2310.09949},
}
@article{tatsuno2024aisaq,
	author = {Tatsuno, Kento and Miyashita, Daisuke and Ikeda, Taiga and Ishiyama, Kiyoshi and Sumiyoshi, Kazunari and Deguchi, Jun},
	journal = {arXiv},
	year = {2024},
	pages = {},
	publisher = {},
	title = {AiSAQ: All-in-{Storage} {ANNS} with {Product} {Quantization} for {DRAM}-free {Information} {Retrieval}},
	volume = {abs/2404.06004},
}
@article{jiang2024piperag,
	author = {Jiang, Wenqi and Zhang, Shuai and Han, Boran and Wang, Jie and Wang, Bernie and Kraska, Tim},
	journal = {arXiv},
	year = {2024},
	pages = {},
	publisher = {},
	title = {PipeRAG: Fast {Retrieval}-{Augmented} {Generation} via {Algorithm}-{System} {Co}-design},
	volume = {abs/2403.05676},
}
@article{fan2024survey,
	author = {Fan, Wenqi and Ding, Yujuan and Ning, Liang-bo and Wang, Shijie and Li, Hengyun and Yin, Dawei and Chua, Tat-Seng and Li, Qing},
	journal = {arXiv},
	year = {2024},
	pages = {},
	publisher = {},
	title = {A {Survey} on {RAG} {Meeting} {LLMs}: Towards {Retrieval}-{Augmented} {Large} {Language} {Models}},
	volume = {},
}
@article{hu2024rau,
	author = {Hu, Yucheng and Lu, Yuxing},
	journal = {arXiv},
	year = {2024},
	pages = {},
	publisher = {Elsevier BV},
	title = {RAG and {RAU}: A {Survey} on {Retrieval}-{Augmented} {Language} {Model} in {Natural} {Language} {Processing}},
	volume = {abs/2404.19543},
}
@article{zhao2024retrievalaugmented,
	author = {Zhao, Penghao and Zhang, Hailin and Yu, Qinhan and Wang, Zhengren and Geng, Yunteng and Fu, Fangcheng and Yang, Ling and Zhang, Wentao and Jiang, Jie and Cui, Bin},
	journal = {arXiv},
	year = {2024},
	pages = {},
	publisher = {},
	title = {Retrieval-{Augmented} {Generation} for {AI}-{Generated} {Content}: A {Survey}},
	volume = {abs/2402.19473},
}
@article{nogueira2019multistage,
	author = {Nogueira, Rodrigo and Yang, Wei and Cho, Kyunghyun and Lin, Jimmy},
	journal = {CoRR},
	year = {2019},
	pages = {},
	publisher = {},
	title = {Multi-stage document ranking with {BERT}},
	volume = {abs/1910.14424},
}
@inproceedings{wang2019superglue,
	author = {Wang, Alex and Pruksachatkun, Yada and Nangia, Nikita and Singh, Amanpreet and Michael, Julian and Hill, Felix and Levy, Omer and Bowman, Samuel R.},
	booktitle = {Conference on {Neural} {Information} {Processing} {Systems} ({NeurIPS})},
	year = {2019},
	pages = {3261--3275},
	organization = {},
	title = {SuperGLUE: A {Stickier} {Benchmark} for {General}-{Purpose} {Language} {Understanding} {Systems}},
	volume = {},
}
@inproceedings{petroni2021kilt,
	author = {Petroni, Fabio and Piktus, Aleksandra and Fan, Angela and Lewis, Patrick and Yazdani, Majid and Cao, Nicola De and Thorne, James and Jernite, Yacine and Karpukhin, Vladimir and Maillard, Jean and Plachouras, Vassilis and Rockt{\" a}schel, Tim and Riedel, Sebastian},
	booktitle = {Proceedings of the {Conference} of the {North} {American} {Chapter} of the {Association} for {Computational} {Linguistics}: Human {Language} {Technologies}},
	year = {2021},
	pages = {2523--2544},
	organization = {Association for Computational Linguistics},
	title = {KILT: a {Benchmark} for {Knowledge} {Intensive} {Language} {Tasks}},
	volume = {},
}
@inproceedings{huang2022understanding,
	author = {Huang, Jie and Shao, Hanyin and Chang, Kevin Chen-Chuan and Xiong, Jinjun and Hwu, Wen-mei},
	booktitle = {Proceedings of the {Conference} on {Empirical} {Methods} in {Natural} {Language} {Processing}},
	year = {2022},
	pages = {},
	organization = {Association for Computational Linguistics},
	title = {Understanding {Jargon}: Combining {Extraction} and {Generation} for {Definition} {Modeling}},
	volume = {},
}
@book{gottschalk2018eventkg,
	author = {Gottschalk, Simon and Demidova, Elena},
	year = {2018},
	pages = {272--287},
	publisher = {Springer International Publishing},
	title = {EventKG: A {Multilingual} {Event}-{Centric} {Temporal} {Knowledge} {Graph}},
	volume = {},
}
@inproceedings{dinan2019wizard,
	author = {Dinan, Emily and Roller, Stephen and Shuster, Kurt and Fan, Angela and Auli, Michael and Weston, Jason},
	booktitle = {International {Conference} on {Learning} {Representations} ({ICLR})},
	year = {2019},
	pages = {},
	organization = {},
	title = {Wizard of {Wikipedia}: Knowledge-{Powered} {Conversational} {Agents}},
	volume = {},
}
@inproceedings{elsahar2018trex,
	author = {ElSahar, Hady and Vougiouklis, Pavlos and Remaci, Arslen and Gravier, Christophe and Hare, Jonathon S. and Laforest, Fr{\' e}d{\' e}rique and Simperl, Elena},
	booktitle = {International {Conference} on {Language} {Resources} and {Evaluation} ({LREC})},
	year = {2018},
	pages = {},
	organization = {},
	title = {T-{REx}: A {Large} {Scale} {Alignment} of {Natural} {Language} with {Knowledge} {Base} {Triples}},
	volume = {},
}
@inproceedings{thorne2018fever,
	author = {Thorne, James and Vlachos, Andreas and Christodoulopoulos, Christos and Mittal, Arpit},
	booktitle = {Proceedings of the {Conference} of the {North} {American} {Chapter} of
	the {Association} for {Computational} {Linguistics}: Human {Language}
	{Technologies}, {Volume} 1 ({Long} {Papers})},
	year = {2018},
	pages = {809--819},
	organization = {Association for Computational Linguistics},
	title = {FEVER: a {Large}-scale {Dataset} for {Fact} {Extraction} and {VERification}},
	volume = {},
}
@inproceedings{yang2018hotpotqa,
	author = {Yang, Zhilin and Qi, Peng and Zhang, Saizheng and Bengio, Yoshua and Cohen, William and Salakhutdinov, Ruslan and Manning, Christopher D.},
	booktitle = {Proceedings of the {Conference} on {Empirical} {Methods} in {Natural} {Language} {Processing}},
	year = {2018},
	pages = {2369--2380},
	organization = {Association for Computational Linguistics},
	title = {HotpotQA: A {Dataset} for {Diverse}, {Explainable} {Multi}-hop {Question} {Answering}},
	volume = {},
}
@article{kwiatkowski2019natural,
	author = {Kwiatkowski, Tom and Palomaki, Jennimaria and Redfield, Olivia and Collins, Michael and Parikh, Ankur and Alberti, Chris and Epstein, Danielle and Polosukhin, Illia and Devlin, Jacob and Lee, Kenton and Toutanova, Kristina and Jones, Llion and Kelcey, Matthew and Chang, Ming-Wei and Dai, Andrew M. and Uszkoreit, Jakob and Le, Quoc and Petrov, Slav},
	journal = {Transactions of the Association for Computational Linguistics},
	year = {2019},
	pages = {453--466},
	publisher = {MIT Press - Journals},
	title = {Natural {Questions}: A {Benchmark} for {Question} {Answering}                     {Research}},
	volume = {7},
}
@inproceedings{joshi2017triviaqa,
	author = {Joshi, Mandar and Choi, Eunsol and Weld, Daniel and Zettlemoyer, Luke},
	booktitle = {Proceedings of the 55th {Annual} {Meeting} of the {Association} for
	{Computational} {Linguistics} ({Volume} 1: Long {Papers})},
	year = {2017},
	pages = {1601--1611},
	organization = {Association for Computational Linguistics},
	title = {TriviaQA: A {Large} {Scale} {Distantly} {Supervised} {Challenge} {Dataset} for
	{Reading} {Comprehension}},
	volume = {},
}
@inproceedings{ram2022learning,
	author = {Ram, Ori and Shachaf, Gal and Levy, Omer and Berant, Jonathan and Globerson, Amir},
	booktitle = {Proceedings of the {Conference} of the {North} {American} {Chapter} of the {Association} for {Computational} {Linguistics}: Human {Language} {Technologies}},
	year = {2022},
	pages = {},
	organization = {Association for Computational Linguistics},
	title = {Learning to {Retrieve} {Passages} without {Supervision}},
	volume = {},
}
@inproceedings{conneau2020unsupervised,
	author = {Conneau, Alexis and Khandelwal, Kartikay and Goyal, Naman and Chaudhary, Vishrav and Wenzek, Guillaume and Guzm{\' a}n, Francisco and Grave, Edouard and Ott, Myle and Zettlemoyer, Luke and Stoyanov, Veselin},
	booktitle = {Proceedings of the 58th {Annual} {Meeting} of the {Association} for {Computational} {Linguistics}},
	year = {2020},
	pages = {8440--8451},
	organization = {Association for Computational Linguistics},
	title = {Unsupervised {Cross}-lingual {Representation} {Learning} at {Scale}},
	volume = {},
}
@inproceedings{lin2022fewshot,
	author = {Lin, Xi Victoria and Mihaylov, Todor and Artetxe, Mikel and Wang, Tianlu and Chen, Shuohui and Simig, Daniel and Ott, Myle and Goyal, Naman and Bhosale, Shruti and Du, Jingfei and Pasunuru, Ramakanth and Shleifer, Sam and Koura, Punit Singh and Chaudhary, Vishrav and O\textquoteright{}Horo, Brian and Wang, Jeff and Zettlemoyer, Luke and Kozareva, Zornitsa and Diab, Mona and Stoyanov, Veselin and Li, Xian},
	booktitle = {Proceedings of the {Conference} on {Empirical} {Methods} in {Natural} {Language} {Processing}},
	year = {2022},
	pages = {},
	organization = {Association for Computational Linguistics},
	title = {Few-shot {Learning} with {Multilingual} {Generative} {Language} {Models}},
	volume = {},
}
@article{chen2021evaluating,
	author = {Chen, Mark and Tworek, Jerry and Jun, Heewoo and Yuan, Qiming and Pinto, Henrique Pond{\' e} de Oliveira and Kaplan, Jared and Edwards, Harrison and Burda, Yuri and Joseph, Nicholas and Brockman, Greg and Ray, Alex and Puri, Raul and Krueger, Gretchen and Petrov, Michael and Khlaaf, Heidy and Sastry, Girish and Mishkin, Pamela and Chan, Brooke and Gray, Scott and Ryder, Nick and Pavlov, Mikhail and Power, Alethea and Kaiser, Lukasz and Bavarian, Mohammad and Winter, Clemens and Tillet, Philippe and Such, Felipe Petroski and Cummings, Dave and Plappert, Matthias and Chantzis, Fotios and Barnes, Elizabeth and Herbert-Voss, Ariel and Guss, William Hebgen and Nichol, Alex and Paino, Alex and Tezak, Nikolas and Tang, Jie and Babuschkin, Igor and Balaji, Suchir and Jain, Shantanu and Saunders, William and Hesse, Christopher and Carr, Andrew N. and Leike, Jan and Achiam, Joshua and Misra, Vedant and Morikawa, Evan and Radford, Alec and Knight, Matthew and Brundage, Miles and Murati, Mira and Mayer, Katie and Welinder, Peter and McGrew, Bob and Amodei, Dario and McCandlish, Sam and Sutskever, Ilya and Zaremba, Wojciech},
	journal = {arXiv},
	year = {2021},
	pages = {},
	publisher = {},
	title = {Evaluating {Large} {Language} {Models} {Trained} on {Code}},
	volume = {abs/2107.03374},
}
@inproceedings{tay2023ul,
	author = {Tay, Yi and Dehghani, Mostafa and Tran, Vinh Q. and Garcia, Xavier and Wei, Jason and Wang, Xuezhi and Chung, Hyung Won and Bahri, Dara and Schuster, Tal and Zheng, Huaixiu Steven and Zhou, Denny and Houlsby, Neil and Metzler, Donald},
	booktitle = {International {Conference} on {Learning} {Representations} ({ICLR})},
	year = {2023},
	pages = {},
	organization = {},
	title = {UL2: Unifying {Language} {Learning} {Paradigms}},
	volume = {},
}
@book{hamilton2020graph,
	author = {Hamilton, William L.},
	year = {2020},
	pages = {},
	publisher = {Springer International Publishing},
	title = {Graph representation learning},
	volume = {},
}
@inproceedings{xiong2021approximate,
	author = {Xiong, Lee and Xiong, Chenyan and Li, Ye and Tang, Kwok-Fung and Liu, Jialin and Bennett, Paul N. and Ahmed, Junaid and Overwijk, Arnold},
	booktitle = {International {Conference} on {Learning} {Representations} ({ICLR})},
	year = {2021},
	pages = {},
	organization = {},
	title = {Approximate {Nearest} {Neighbor} {Negative} {Contrastive} {Learning} for {Dense} {Text} {Retrieval}},
	volume = {},
}
@inproceedings{khattab2020colbert,
	author = {Khattab, Omar and Zaharia, Matei},
	booktitle = {Proceedings of the 43rd {International} {ACM} {SIGIR} {Conference} on {Research} and {Development} in {Information} {Retrieval}},
	year = {2020},
	pages = {39--48},
	organization = {ACM},
	title = {ColBERT - {Efficient} and {Effective} {Passage} {Search} via {Contextualized} {Late} {Interaction} over {BERT}},
	volume = {},
}

@inproceedings{vaswani2017attention,
	author = {Vaswani, Ashish and Shazeer, Noam M. and Parmar, Niki and Uszkoreit, Jakob and Jones, Llion and Gomez, Aidan N. and Kaiser, Lukasz and Polosukhin, Illia},
	booktitle = {Neural {Information} {Processing} {Systems}},
	year = {2017},
	pages = {5998--6008},
	organization = {},
	title = {Attention is {All} you {Need}},
	volume = {},
}
@article{chung2022scaling,
	author = {Chung, Hyung Won and Hou, Le and Longpre, Shayne and Zoph, Barret and Tay, Yi and Fedus, William and Li, Yunxuan and Wang, Xuezhi and Dehghani, Mostafa and Brahma, Siddhartha and Webson, Albert and Gu, Shixiang Shane and Dai, Zhuyun and Suzgun, Mirac and Chen, Xinyun and Chowdhery, Aakanksha and Castro-Ros, Alex and Pellat, Marie and Robinson, Kevin and Valter, Dasha and Narang, Sharan and Mishra, Gaurav and Yu, Adams and Zhao, Vincent and Huang, Yanping and Dai, Andrew and Yu, Hongkun and Petrov, Slav and Chi, Ed H. and Dean, Jeff and Devlin, Jacob and Roberts, Adam and Zhou, Denny and Le, Quoc V. and Wei, Jason},
	journal = {arXiv},
	year = {2022},
	pages = {},
	publisher = {},
	title = {Scaling {Instruction}-{Finetuned} {Language} {Models}},
	volume = {abs/2210.11416},
}
@article{touvron2023llama,
	author = {Touvron, Hugo and Martin, Louis and Stone, Kevin and Albert, Peter and Almahairi, Amjad and Babaei, Yasmine and Bashlykov, Nikolay and Batra, Soumya and Bhargava, Prajjwal and Bhosale, Shruti and Bikel, Dan and Blecher, Lukas and Ferrer, Cristian Canton and Chen, Moya and Cucurull, Guillem and Esiobu, David and Fernandes, Jude and Fu, Jeremy and Fu, Wenyin and Fuller, Brian and Gao, Cynthia and Goswami, Vedanuj and Goyal, Naman and Hartshorn, Anthony and Hosseini, Saghar and Hou, Rui and Inan, Hakan and Kardas, Marcin and Kerkez, Viktor and Khabsa, Madian and Kloumann, Isabel and Korenev, Artem and Koura, Punit Singh and Lachaux, Marie-Anne and Lavril, Thibaut and Lee, Jenya and Liskovich, Diana and Lu, Yinghai and Mao, Yuning and Martinet, Xavier and Mihaylov, Todor and Mishra, Pushkar and Molybog, Igor and Nie, Yixin and Poulton, Andrew and Reizenstein, Jeremy and Rungta, Rashi and Saladi, Kalyan and Schelten, Alan and Silva, Ruan and Smith, Eric Michael and Subramanian, Ranjan and Tan, Xiaoqing Ellen and Tang, Binh and Taylor, Ross and Williams, Adina and Kuan, Jian Xiang and Xu, Puxin and Yan, Zheng and Zarov, Iliyan and Zhang, Yuchen and Fan, Angela and Kambadur, Melanie and Narang, Sharan and Rodriguez, Aurelien and Stojnic, Robert and Edunov, Sergey and Scialom, Thomas},
	journal = {arXiv},
	year = {2023},
	pages = {},
	publisher = {},
	title = {Llama 2: Open {Foundation} and {Fine}-{Tuned} {Chat} {Models}},
	volume = {abs/2307.09288},
}

@inproceedings{lin2023train,
	author = {Lin, Sheng-Chieh and Asai, Akari and Li, Minghan and Oguz, Barlas and Lin, Jimmy and Mehdad, Yashar and Yih, Wen-tau and Chen, Xilun},
	booktitle = {Findings of the {Association} for {Computational} {Linguistics}: EMNLP 2023},
	year = {2023},
	pages = {6385--6400},
	organization = {Association for Computational Linguistics},
	title = {How to {Train} {Your} {Dragon}: Diverse {Augmentation} {Towards} {Generalizable} {Dense} {Retrieval}},
	volume = {},
}
@inproceedings{du2022glm,
	author = {Du, Zhengxiao and Qian, Yujie and Liu, Xiao and Ding, Ming and Qiu, Jiezhong and Yang, Zhilin and Tang, Jie},
	booktitle = {Proceedings of the 60th {Annual} {Meeting} of the {Association} for {Computational} {Linguistics} ({Volume} 1: Long {Papers})},
	year = {2022},
	pages = {},
	organization = {Association for Computational Linguistics},
	title = {GLM: General {Language} {Model} {Pretraining} with {Autoregressive} {Blank} {Infilling}},
	volume = {},
}
@article{peng2023instruction,
	author = {Peng, Baolin and Li, Chunyuan and He, Pengcheng and Galley, Michel and Gao, Jianfeng},
	journal = {arXiv},
	year = {2023},
	pages = {},
	publisher = {},
	title = {Instruction {Tuning} with {GPT}-4},
	volume = {abs/2304.03277},
}
@article{chen2023phoenix,
	author = {Chen, Zhihong and Jiang, Feng and Chen, Junying and Wang, Tiannan and Yu, Fei and Chen, Guiming and Zhang, Hongbo and Liang, Juhao and Zhang, Chen and Zhang, Zhiyi and Li, Jianquan and Wan, Xiang and Wang, Benyou and Li, Haizhou},
	journal = {arXiv},
	year = {2023},
	pages = {},
	publisher = {},
	title = {Phoenix: Democratizing {ChatGPT} across {Languages}},
	volume = {abs/2304.10453},
}
@inproceedings{gao2021simcse,
	author = {Gao, Tianyu and Yao, Xingcheng and Chen, Danqi},
	booktitle = {Proceedings of the {Conference} on {Empirical} {Methods} in {Natural} {Language} {Processing}},
	year = {2021},
	pages = {6894--6910},
	organization = {Association for Computational Linguistics},
	title = {SimCSE: Simple {Contrastive} {Learning} of {Sentence} {Embeddings}},
	volume = {},
}
@inproceedings{reimers2019sentencebert,
	author = {Reimers, Nils and Gurevych, Iryna},
	booktitle = {Proceedings of the {Conference} on {Empirical} {Methods} in {Natural} {Language} {Processing} and the 9th {International} {Joint} {Conference} on {Natural} {Language} {Processing} ({EMNLP}-{IJCNLP})},
	year = {2019},
	pages = {3980--3990},
	organization = {Association for Computational Linguistics},
	title = {Sentence-{BERT}: Sentence {Embeddings} using {Siamese} {BERT}-{Networks}},
	volume = {},
}
@article{zhang2022opt,
	author = {Zhang, Susan and Roller, Stephen and Goyal, Naman and Artetxe, Mikel and Chen, Moya and Chen, Shuohui and Dewan, Christopher and Diab, Mona T. and Li, Xian and Lin, Xi Victoria and Mihaylov, Todor and Ott, Myle and Shleifer, Sam and Shuster, Kurt and Simig, Daniel and Koura, Punit Singh and Sridhar, Anjali and Wang, Tianlu and Zettlemoyer, Luke},
	journal = {arXiv},
	year = {2022},
	pages = {},
	publisher = {},
	title = {OPT: Open {Pre}-trained {Transformer} {Language} {Models}},
	volume = {abs/2205.01068},
}
@article{workshop2022bloom,
	author = {Workshop, BigScience and {:} and Scao, Teven Le and Fan, Angela and Akiki, Christopher and etc.},
	journal = {arXiv},
	year = {2022},
	pages = {},
	publisher = {},
	title = {BLOOM: A 176B-{Parameter} {Open}-{Access} {Multilingual} {Language} {Model}},
	volume = {abs/2211.05100},
}
@article{robertson2009probabilistic,
	author = {Robertson, Stephen and Zaragoza, Hugo},
	journal = {Foundations and Trends\textregistered{} in Information Retrieval},
	number = {4},
	year = {2009},
	pages = {333--389},
	publisher = {Now Publishers},
	title = {The {Probabilistic} {Relevance} {Framework}: BM25 and {Beyond}},
	volume = {3},
}
@inproceedings{ni2022large,
	author = {Ni, Jianmo and Qu, Chen and Lu, Jing and Dai, Zhuyun and Abrego, Gustavo Hernandez and Ma, Ji and Zhao, Vincent and Luan, Yi and Hall, Keith and Chang, Ming-Wei and Yang, Yinfei},
	booktitle = {Proceedings of the {Conference} on {Empirical} {Methods} in {Natural} {Language} {Processing}},
	year = {2022},
	pages = {9844--9855},
	organization = {Association for Computational Linguistics},
	title = {Large {Dual} {Encoders} {Are} {Generalizable} {Retrievers}},
	volume = {},
}
@article{raffel2020exploring,
	author = {Raffel, Colin and Shazeer, Noam M. and Roberts, Adam and Lee, Katherine and Narang, Sharan and Matena, Michael and Zhou, Yanqi and Li, Wei and Liu, Peter J.},
	journal = {Journal of Machine Learning Research (JMLR)},
	year = {2020},
	pages = {140:1--140:67},
	publisher = {},
	title = {Exploring the {Limits} of {Transfer} {Learning} with a {Unified} {Text}-to-{Text} {Transformer}},
	volume = {21},
}
@inproceedings{lewis2020bart,
	author = {Lewis, Mike and Liu, Yinhan and Goyal, Naman and Ghazvininejad, Marjan and Mohamed, Abdelrahman and Levy, Omer and Stoyanov, Veselin and Zettlemoyer, Luke},
	booktitle = {Proceedings of the 58th {Annual} {Meeting} of the {Association} for {Computational} {Linguistics}},
	year = {2020},
	pages = {7871--7880},
	organization = {Association for Computational Linguistics},
	title = {BART: Denoising {Sequence}-to-{Sequence} {Pre}-training for {Natural} {Language} {Generation}, {Translation}, and {Comprehension}},
	volume = {},
}
@article{izacard2022unsupervised,
	author = {Izacard, Gautier and Caron, Mathilde and Hosseini, Lucas and Riedel, Sebastian and Bojanowski, Piotr and Joulin, Armand and Grave, Edouard},
	journal = {Transactions on Machine Learning Research (TMLR)},
	year = {2022},
	pages = {},
	publisher = {},
	title = {Unsupervised {Dense} {Information} {Retrieval} with {Contrastive} {Learning}},
	volume = {2022},
}
@article{chowdhery2023palm,
	author = {Chowdhery, Aakanksha and Narang, Sharan and Devlin, Jacob and Bosma, Maarten and Mishra, Gaurav and Roberts, Adam and Barham, Paul and Chung, Hyung Won and Sutton, Charles and Gehrmann, Sebastian and Schuh, Parker and Shi, Kensen and Tsvyashchenko, Sasha and Maynez, Joshua and Rao, Abhishek and Barnes, Parker and Tay, Yi and Shazeer, Noam and Prabhakaran, Vinodkumar and Reif, Emily and Du, Nan and Hutchinson, Ben and Pope, Reiner and Bradbury, James and Austin, Jacob and Isard, Michael and Gur-Ari, Guy and Yin, Pengcheng and Duke, Toju and Levskaya, Anselm and Ghemawat, Sanjay and Dev, Sunipa and Michalewski, Henryk and Garcia, Xavier and Misra, Vedant and Robinson, Kevin and Fedus, Liam and Zhou, Denny and Ippolito, Daphne and Luan, David and Lim, Hyeontaek and Zoph, Barret and Spiridonov, Alexander and Sepassi, Ryan and Dohan, David and Agrawal, Shivani and Omernick, Mark and Dai, Andrew M. and Pillai, Thanumalayan Sankaranarayana and Pellat, Marie and Lewkowycz, Aitor and Moreira, Erica and Child, Rewon and Polozov, Oleksandr and Lee, Katherine and Zhou, Zongwei and Wang, Xuezhi and Saeta, Brennan and Diaz, Mark and Firat, Orhan and Catasta, Michele and Wei, Jason and Meier-Hellstern, Kathy and Eck, Douglas and Dean, Jeff and Petrov, Slav and Fiedel, Noah},
	journal = {Journal of Machine Learning Research (JMLR)},
	year = {2023},
	pages = {240:1--240:113},
	publisher = {},
	title = {PaLM: Scaling {Language} {Modeling} with {Pathways}},
	volume = {24},
}
@inproceedings{ouyang2022training,
	author = {Ouyang, Long and Wu, Jeffrey and Jiang, Xu and Almeida, Diogo and Wainwright, Carroll L. and Mishkin, Pamela and Zhang, Chong and Agarwal, Sandhini and Slama, Katarina and Ray, Alex and Schulman, John and Hilton, Jacob and Kelton, Fraser and Miller, Luke and Simens, Maddie and Askell, Amanda and Welinder, Peter and Christiano, Paul F. and Leike, Jan and Lowe, Ryan},
	booktitle = {Conference on {Neural} {Information} {Processing} {Systems} ({NeurIPS})},
	year = {2022},
	pages = {},
	organization = {},
	title = {Training language models to follow instructions with human feedback},
	volume = {},
}
@inproceedings{wei2022finetuned,
	author = {Wei, Jason and Bosma, Maarten and Zhao, Vincent Y. and Guu, Kelvin and Yu, Adams Wei and Lester, Brian and Du, Nan and Dai, Andrew M. and Le, Quoc V.},
	booktitle = {International {Conference} on {Learning} {Representations} ({ICLR})},
	year = {2022},
	pages = {},
	organization = {},
	title = {Finetuned {Language} {Models} are {Zero}-{Shot} {Learners}},
	volume = {},
}
@inproceedings{brown2020language,
	author = {Brown, Tom B. and Mann, Benjamin and Ryder, Nick and Subbiah, Melanie and Kaplan, Jared and Dhariwal, Prafulla and Neelakantan, Arvind and Shyam, Pranav and Sastry, Girish and Askell, Amanda and Agarwal, Sandhini and Herbert-Voss, Ariel and Krueger, Gretchen and Henighan, Tom and Child, Rewon and Ramesh, Aditya and Ziegler, Daniel M. and Wu, Jeffrey and Winter, Clemens and Hesse, Christopher and Chen, Mark and Sigler, Eric and Litwin, Mateusz and Gray, Scott and Chess, Benjamin and Clark, Jack and Berner, Christopher and McCandlish, Sam and Radford, Alec and Sutskever, Ilya and Amodei, Dario},
	booktitle = {Conference on {Neural} {Information} {Processing} {Systems} ({NeurIPS})},
	year = {2020},
	pages = {},
	organization = {},
	title = {Language {Models} are {Few}-{Shot} {Learners}},
	volume = {abs/2005.14165},
}
@inproceedings{tay2022transformer,
	author = {Tay, Yi and Tran, Vinh and Dehghani, Mostafa and Ni, Jianmo and Bahri, Dara and Mehta, Harsh and Qin, Zhen and Hui, Kai and Zhao, Zhe and Gupta, Jai Prakash and Schuster, Tal and Cohen, William W. and Metzler, Donald},
	booktitle = {Conference on {Neural} {Information} {Processing} {Systems} ({NeurIPS})},
	year = {2022},
	pages = {},
	organization = {},
	title = {Transformer {Memory} as a {Differentiable} {Search} {Index}},
	volume = {},
}
@article{li2024parade,
	author = {Li, Canjia and Yates, Andrew and MacAvaney, Sean and He, Ben and Sun, Yingfei},
	journal = {ACM Transactions on Information Systems},
	number = {2},
	year = {2024},
	pages = {1--26},
	publisher = {Association for Computing Machinery (ACM)},
	title = {PARADE: Passage {Representation} {Aggregation} {forDocument} {Reranking}},
	volume = {42},
}
@inproceedings{bevilacqua2022autoregressive,
	author = {Bevilacqua, Michele and Ottaviano, Giuseppe and Lewis, Patrick S. H. and Yih, Scott and Riedel, Sebastian and Petroni, Fabio},
	booktitle = {Conference on {Neural} {Information} {Processing} {Systems} ({NeurIPS})},
	year = {2022},
	pages = {},
	organization = {},
	title = {Autoregressive {Search} {Engines}: Generating {Substrings} as {Document} {Identifiers}},
	volume = {},
}
@inproceedings{chen2022gere,
	author = {Chen, Jiangui and Zhang, Ruqing and Guo, Jiafeng and Fan, Yixing and Cheng, Xueqi},
	booktitle = {Proceedings of the 45th {International} {ACM} {SIGIR} {Conference} on {Research} and {Development} in {Information} {Retrieval}},
	year = {2022},
	pages = {},
	organization = {ACM},
	title = {GERE: Generative {Evidence} {Retrieval} for {Fact} {Verification}},
	volume = {},
}
@inproceedings{zhuang2023rankt,
	author = {Zhuang, Honglei and Qin, Zhen and Jagerman, Rolf and Hui, Kai and Ma, Ji and Lu, Jing and Ni, Jianmo and Wang, Xuanhui and Bendersky, Michael},
	booktitle = {Proceedings of the 46th {International} {ACM} {SIGIR} {Conference} on {Research} and {Development} in {Information} {Retrieval}},
	year = {2023},
	pages = {},
	organization = {ACM},
	title = {RankT5: Fine-{Tuning} {T5} for {Text} {Ranking} with {Ranking} {Losses}},
	volume = {},
}
@inproceedings{zamani2020generating,
	author = {Zamani, Hamed and Dumais, Susan and Craswell, Nick and Bennett, Paul and Lueck, Gord},
	booktitle = {Proceedings of {The} {Web} {Conference} 2020},
	year = {2020},
	pages = {},
	organization = {ACM},
	title = {Generating {Clarifying} {Questions} for {Information} {Retrieval}},
	volume = {},
}
@inproceedings{hu2023reveal,
	author = {Hu, Ziniu and Iscen, Ahmet and Sun, Chen and Wang, Zirui and Chang, Kai-Wei and Sun, Yizhou and Schmid, Cordelia and Ross, David A. and Fathi, Alireza},
	booktitle = {2023 {IEEE}/{CVF} {Conference} on {Computer} {Vision} and {Pattern} {Recognition} ({CVPR})},
	year = {2023},
	pages = {23369--23379},
	organization = {IEEE},
	title = {Reveal: Retrieval-{Augmented} {Visual}-{Language} {Pre}-{Training} with {Multi}-{Source} {Multimodal} {Knowledge} {Memory}},
	volume = {},
}
@inproceedings{sarto2022retrievalaugmented,
	author = {Sarto, Sara and Cornia, Marcella and Baraldi, Lorenzo and Cucchiara, Rita},
	booktitle = {International {Conference} on {Content}-based {Multimedia} {Indexing}},
	year = {2022},
	pages = {},
	organization = {ACM},
	title = {Retrieval-{Augmented} {Transformer} for {Image} {Captioning}},
	volume = {},
}
@inproceedings{yuan2024retrievalaugmented,
	author = {Yuan, Yi and Liu, Haohe and Liu, Xubo and Huang, Qiushi and Plumbley, Mark D. and Wang, Wenwu},
	booktitle = {ICASSP - {IEEE} {International} {Conference} on {Acoustics}, {Speech} and {Signal} {Processing} ({ICASSP})},
	year = {2024},
	pages = {},
	organization = {IEEE},
	title = {Retrieval-{Augmented} {Text}-to-{Audio} {Generation}},
	volume = {abs/2309.08051},
}
@inproceedings{yang2023revilm,
	author = {Yang, Zhuolin and Ping, Wei and Liu, Zihan and Korthikanti, Vijay and Nie, Weili and Huang, De-An and Fan, Linxi and Yu, Zhiding and Lan, Shiyi and Li, Bo and Shoeybi, Mohammad and Liu, Ming-Yu and Zhu, Yuke and Catanzaro, Bryan and Xiao, Chaowei and Anandkumar, Anima},
	booktitle = {Findings of the {Association} for {Computational} {Linguistics}: EMNLP 2023},
	year = {2023},
	pages = {11844--11857},
	organization = {Association for Computational Linguistics},
	title = {Re-{ViLM}: Retrieval-{Augmented} {Visual} {Language} {Model} for {Zero} and {Few}-{Shot} {Image} {Captioning}},
	volume = {},
}
@inproceedings{devlin2019bert,
	author = {Devlin, Jacob and Chang, Ming-Wei and Lee, Kenton and Toutanova, Kristina},
	booktitle = {Proceedings of the {Conference} of the {North}},
	year = {2019},
	pages = {4171--4186},
	organization = {Association for Computational Linguistics},
	title = {BERT: Pre-training of {Deep} {Bidirectional} {Transformers} for {Language}
	{Understanding}},
	volume = {},
}
@inproceedings{Saad2023ARES,
	author = {Saad-Falcon, Jon and Khattab, O. and Potts, Christopher and Zaharia, Matei},
	booktitle = {North {American} {Chapter} of the {Association} for {Computational} {Linguistics}},
	year = {2023},
	pages = {},
	organization = {},
	title = {ARES: An {Automated} {Evaluation} {Framework} for {Retrieval}-{Augmented} {Generation} {Systems}},
	volume = {abs/2311.09476},
}
@article{liu2023recall,
	author = {Liu, Yi and Huang, Lianzhe and Li, Shicheng and Chen, Sishuo and Zhou, Hao and Meng, Fandong and Zhou, Jie and Sun, Xu},
	journal = {arXiv},
	year = {2023},
	pages = {},
	publisher = {},
	title = {RECALL: A {Benchmark} for {LLMs} {Robustness} against {External} {Counterfactual} {Knowledge}},
	volume = {abs/2311.08147},
}
@inproceedings{cuconasu2024power,
	author = {Cuconasu, Florin and Trappolini, Giovanni and Siciliano, Federico and Filice, Simone and Campagnano, Cesare and Maarek, Yoelle and Tonellotto, Nicola and Silvestri, Fabrizio},
	booktitle = {Annual {International} {ACM} {SIGIR} {Conference} on {Research} and {Development} in {Information} {Retrieval} ({SIGIR})},
	year = {2024},
	pages = {},
	organization = {},
	title = {The {Power} of {Noise}: Redefining {Retrieval} for {RAG} {Systems}},
	volume = {abs/2401.14887},
}
@inproceedings{glass2022reg,
	author = {Glass, Michael and Rossiello, Gaetano and Chowdhury, Md Faisal Mahbub and Naik, Ankita and Cai, Pengshan and Gliozzo, Alfio},
	booktitle = {Proceedings of the {Conference} of the {North} {American} {Chapter} of the {Association} for {Computational} {Linguistics}: Human {Language} {Technologies}},
	year = {2022},
	pages = {2701--2715},
	organization = {Association for Computational Linguistics},
	title = {Re2G: Retrieve, {Rerank}, {Generate}},
	volume = {},
}
@inproceedings{borgeaud2022improving,
	author = {Borgeaud, Sebastian and Mensch, Arthur and Hoffmann, Jordan and Cai, Trevor and Rutherford, Eliza and Millican, Katie and Driessche, George van den and Lespiau, Jean-Baptiste and Damoc, Bogdan and Clark, Aidan and Casas, Diego de Las and Guy, Aurelia and Menick, Jacob and Ring, Roman and Hennigan, Tom and Huang, Saffron and Maggiore, Loren and Jones, Chris and Cassirer, Albin and Brock, Andy and Paganini, Michela and Irving, Geoffrey and Vinyals, Oriol and Osindero, Simon and Simonyan, Karen and Rae, Jack W. and Elsen, Erich and Sifre, Laurent},
	booktitle = {International {Conference} on {Machine} {Learning} ({ICML})},
	year = {2022},
	pages = {2206--2240},
	organization = {},
	title = {Improving {Language} {Models} by {Retrieving} from {Trillions} of {Tokens}},
	volume = {},
}
@inproceedings{guu2020retrieval,
	author = {Guu, Kelvin and Lee, Kenton and Tung, Zora and Pasupat, Panupong and Chang, Ming-Wei},
	booktitle = {International {Conference} on {Machine} {Learning} ({ICML})},
	year = {2020},
	pages = {3929--3938},
	organization = {},
	title = {Retrieval {Augmented} {Language} {Model} {Pre}-{Training}},
	volume = {},
}
@inproceedings{izacard2021leveraging,
	author = {Izacard, Gautier and Grave, Edouard},
	booktitle = {Proceedings of the 16th {Conference} of the {European} {Chapter} of the {Association} for {Computational} {Linguistics}: Main {Volume}},
	year = {2021},
	pages = {874--880},
	organization = {Association for Computational Linguistics},
	title = {Leveraging {Passage} {Retrieval} with {Generative} {Models} for {Open} {Domain} {Question} {Answering}},
	volume = {},
}
@inproceedings{shuster2021retrieval,
	author = {Shuster, Kurt and Poff, Spencer and Chen, Moya and Kiela, Douwe and Weston, Jason},
	booktitle = {Findings of the {Association} for {Computational} {Linguistics}: EMNLP 2021},
	year = {2021},
	pages = {3784--3803},
	organization = {Association for Computational Linguistics},
	title = {Retrieval {Augmentation} {Reduces} {Hallucination} in {Conversation}},
	volume = {},
}
@article{nakano2021webgpt,
	author = {Nakano, Reiichiro and Hilton, Jacob and Balaji, Suchir and Wu, Jeff and Ouyang, Long and Kim, Christina and Hesse, Christopher and Jain, Shantanu and Kosaraju, Vineet and Saunders, William and Jiang, Xu and Cobbe, Karl and Eloundou, Tyna and Krueger, Gretchen and Button, Kevin and Knight, Matthew and Chess, Benjamin and Schulman, John},
	journal = {arXiv},
	year = {2021},
	pages = {},
	publisher = {},
	title = {WebGPT: Browser-assisted question-answering with human feedback},
	volume = {abs/2112.09332},
}
@inproceedings{li2024chainofknowledge,
	author = {Li, Xingxuan and Zhao, Ruochen and Chia, Yew Ken and Ding, Bosheng and Joty, Shafiq R. and Poria, Soujanya and Bing, Lidong},
	booktitle = {The {Twelfth} {International} {Conference} on {Learning} {Representations}},
	year = {2024},
	pages = {},
	organization = {},
	title = {Chain-of-{Knowledge}: Grounding {Large} {Language} {Models} via {Dynamic} {Knowledge} {Adapting} over {Heterogeneous} {Sources}},
	volume = {},
}
@inproceedings{trivedi2023interleaving,
	author = {Trivedi, Harsh and Balasubramanian, Niranjan and Khot, Tushar and Sabharwal, Ashish},
	booktitle = {Proceedings of the 61st {Annual} {Meeting} of the {Association} for {Computational} {Linguistics} ({Volume} 1: Long {Papers})},
	year = {2023},
	pages = {10014--10037},
	organization = {Association for Computational Linguistics},
	title = {Interleaving {Retrieval} with {Chain}-of-{Thought} {Reasoning} for {Knowledge}-{Intensive} {Multi}-{Step} {Questions}},
	volume = {},
}
@inproceedings{feng2024retrievalgeneration,
	author = {Feng, Zhangyin and Feng, Xiaocheng and Zhao, Dezhi and Yang, Maojin and Qin, Bing},
	booktitle = {IEEE {International} {Conference} on {Acoustics}, {Speech}, and {Signal} {Processing}},
	year = {2024},
	pages = {},
	organization = {IEEE},
	title = {Retrieval-{Generation} {Synergy} {Augmented} {Large} {Language} {Models}},
	volume = {abs/2310.05149},
}
@article{luo2023augmented,
	author = {Luo, Ziyang and Xu, Can and Zhao, Pu and Geng, Xiubo and Tao, Chongyang and Ma, Jing and Lin, Qingwei and Jiang, Daxin},
	journal = {arXiv},
	year = {2023},
	pages = {},
	publisher = {},
	title = {Augmented {Large} {Language} {Models} with {Parametric} {Knowledge} {Guiding}},
	volume = {abs/2305.04757},
}
@inproceedings{lin2024radit,
	author = {Lin, Xi Victoria and Chen, Xilun and Chen, Mingda and Shi, Weijia and Lomeli, Maria and James, Richard and Rodriguez, Pedro and Kahn, Jacob and Szilvasy, Gergely and Lewis, Mike and Zettlemoyer, Luke and Yih, Wen-tau},
	booktitle = {The {Twelfth} {International} {Conference} on {Learning} {Representations}},
	year = {2024},
	pages = {},
	organization = {},
	title = {RA-{DIT}: Retrieval-{Augmented} {Dual} {Instruction} {Tuning}},
	volume = {abs/2310.01352},
}
@inproceedings{asai2024selfrag,
	author = {Asai, Akari and Wu, Zeqiu and Wang, Yizhong and Sil, Avirup and Hajishirzi, Hannaneh},
	booktitle = {The {Twelfth} {International} {Conference} on {Learning} {Representations}},
	year = {2024},
	pages = {},
	organization = {},
	title = {Self-{RAG}: Learning to {Retrieve}, {Generate}, and {Critique} through {Self}-{Reflection}},
	volume = {abs/2310.11511},
}
@inproceedings{wang2023shall,
	author = {Wang, Boxin and Ping, Wei and Xu, Peng and McAfee, Lawrence and Liu, Zihan and Shoeybi, Mohammad and Dong, Yi and Kuchaiev, Oleksii and Li, Bo and Xiao, Chaowei and Anandkumar, Anima and Catanzaro, Bryan},
	booktitle = {Proceedings of the {Conference} on {Empirical} {Methods} in {Natural} {Language} {Processing}},
	year = {2023},
	pages = {7763--7786},
	organization = {Association for Computational Linguistics},
	title = {Shall {We} {Pretrain} {Autoregressive} {Language} {Models} with {Retrieval}? {A} {Comprehensive} {Study}},
	volume = {},
}
@article{kang2023knowledge,
	author = {Kang, Minki and Kwak, Jin Myung and Baek, Jinheon and Hwang, Sung Ju},
	journal = {arXiv},
	year = {2023},
	pages = {},
	publisher = {},
	title = {Knowledge {Graph}-{Augmented} {Language} {Models} for {Knowledge}-{Grounded} {Dialogue} {Generation}},
	volume = {abs/2305.18846},
}
@inproceedings{berchansky2023optimizing,
	author = {Berchansky, Moshe and Izsak, Peter and Caciularu, Avi and Dagan, Ido and Wasserblat, Moshe},
	booktitle = {Proceedings of the {Conference} on {Empirical} {Methods} in {Natural} {Language} {Processing}},
	year = {2023},
	pages = {1506--1524},
	organization = {Association for Computational Linguistics},
	title = {Optimizing {Retrieval}-augmented {Reader} {Models} via {Token} {Elimination}},
	volume = {},
}
@inproceedings{yang2023prca,
	author = {Yang, Haoyan and Li, Zhitao and Zhang, Yong and Wang, Jianzong and Cheng, Ning and Li, Ming and Xiao, Jing},
	booktitle = {Proceedings of the {Conference} on {Empirical} {Methods} in {Natural} {Language} {Processing}},
	year = {2023},
	pages = {5364--5375},
	organization = {Association for Computational Linguistics},
	title = {PRCA: Fitting {Black}-{Box} {Large} {Language} {Models} for {Retrieval} {Question} {Answering} via {Pluggable} {Reward}-{Driven} {Contextual} {Adapter}},
	volume = {},
}
@inproceedings{shi2023replug,
	author = {Shi, Weijia and Min, Sewon and Yasunaga, Michihiro and Seo, Minjoon and James, Rich and Lewis, M. and Zettlemoyer, Luke and Yih, Wen-tau},
	booktitle = {North {American} {Chapter} of the {Association} for {Computational} {Linguistics}},
	year = {2023},
	pages = {},
	organization = {},
	title = {REPLUG: Retrieval-{Augmented} {Black}-{Box} {Language} {Models}},
	volume = {abs/2301.12652},
}
@inproceedings{yu2023augmentationadapted,
	author = {Yu, Zichun and Xiong, Chenyan and Yu, Shi and Liu, Zhiyuan},
	booktitle = {Proceedings of the 61st {Annual} {Meeting} of the {Association} for {Computational} {Linguistics} ({Volume} 1: Long {Papers})},
	year = {2023},
	pages = {2421--2436},
	organization = {Association for Computational Linguistics},
	title = {Augmentation-{Adapted} {Retriever} {Improves} {Generalization} of {Language} {Models} as {Generic} {Plug}-{In}},
	volume = {},
}
@inproceedings{wang2023querydoc,
	author = {Wang, Liang and Yang, Nan and Wei, Furu},
	booktitle = {Proceedings of the {Conference} on {Empirical} {Methods} in {Natural} {Language} {Processing}},
	year = {2023},
	pages = {9414--9423},
	organization = {Association for Computational Linguistics},
	title = {Query2doc: Query {Expansion} with {Large} {Language} {Models}},
	volume = {},
}
@inproceedings{zheng2024take,
	author = {Zheng, Huaixiu Steven and Mishra, Swaroop and Chen, Xinyun and Cheng, Heng-Tze and Chi, Ed H. and Le, Quoc V and Zhou, Denny},
	booktitle = {The {Twelfth} {International} {Conference} on {Learning} {Representations}},
	year = {2024},
	pages = {},
	organization = {},
	title = {Take a {Step} {Back}: Evoking {Reasoning} via {Abstraction} in {Large} {Language} {Models}},
	volume = {abs/2310.06117},
}
@article{khattab2022demonstratesearchpredict,
	author = {Khattab, Omar and Santhanam, Keshav and Li, Xiang Lisa and Hall, David and Liang, Percy and Potts, Christopher and Zaharia, Matei},
	journal = {arXiv},
	year = {2022},
	pages = {},
	publisher = {},
	title = {Demonstrate-{Search}-{Predict}: Composing retrieval and language models for knowledge-intensive {NLP}},
	volume = {abs/2212.14024},
}
@inproceedings{shao2023enhancing,
	author = {Shao, Zhihong and Gong, Yeyun and Shen, Yelong and Huang, Minlie and Duan, Nan and Chen, Weizhu},
	booktitle = {Findings of the {Association} for {Computational} {Linguistics}: EMNLP 2023},
	year = {2023},
	pages = {9248--9274},
	organization = {Association for Computational Linguistics},
	title = {Enhancing {Retrieval}-{Augmented} {Large} {Language} {Models} with {Iterative} {Retrieval}-{Generation} {Synergy}},
	volume = {},
}
@inproceedings{sun2023recitationaugmented,
	author = {Sun, Zhiqing and Wang, Xuezhi and Tay, Yi and Yang, Yiming and Zhou, Denny},
	booktitle = {International {Conference} on {Learning} {Representations} ({ICLR})},
	year = {2023},
	pages = {},
	organization = {},
	title = {Recitation-{Augmented} {Language} {Models}},
	volume = {},
}
@inproceedings{dai2023promptagator,
	author = {Dai, Zhuyun and Zhao, Vincent Y. and Ma, Ji and Luan, Yi and Ni, Jianmo and Lu, Jing and Bakalov, Anton and Guu, Kelvin and Hall, Keith B. and Chang, Ming-Wei},
	booktitle = {International {Conference} on {Learning} {Representations} ({ICLR})},
	year = {2023},
	pages = {},
	organization = {},
	title = {Promptagator: Few-shot {Dense} {Retrieval} {From} 8 {Examples}},
	volume = {},
}
@inproceedings{cheng2023uprise,
	author = {Cheng, Daixuan and Huang, Shaohan and Bi, Junyu and Zhan, Yuefeng and Liu, Jianfeng and Wang, Yujing and Sun, Hao and Wei, Furu and Deng, Weiwei and Zhang, Qi},
	booktitle = {Proceedings of the {Conference} on {Empirical} {Methods} in {Natural} {Language} {Processing}},
	year = {2023},
	pages = {12318--12337},
	organization = {Association for Computational Linguistics},
	title = {UPRISE: Universal {Prompt} {Retrieval} for {Improving} {Zero}-{Shot} {Evaluation}},
	volume = {},
}
@inproceedings{yu2023generate,
	author = {Yu, Wenhao and Iter, Dan and Wang, Shuohang and Xu, Yichong and Ju, Mingxuan and Sanyal, Soumya and Zhu, Chenguang and Zeng, Michael and Jiang, Meng},
	booktitle = {International {Conference} on {Learning} {Representations} ({ICLR})},
	year = {2023},
	pages = {},
	organization = {},
	title = {Generate rather than {Retrieve}: Large {Language} {Models} are {Strong} {Context} {Generators}},
	volume = {},
}
@article{wang2023knowledgpt,
	author = {Wang, Xintao and Yang, Qianwen and Qiu, Yongting and Liang, Jiaqing and He, Qianyu and Gu, Zhouhong and Xiao, Yanghua and Wang, Wei},
	journal = {arXiv},
	year = {2023},
	pages = {},
	publisher = {},
	title = {KnowledGPT: Enhancing {Large} {Language} {Models} with {Retrieval} and {Storage} {Access} on {Knowledge} {Bases}},
	volume = {abs/2308.11761},
}

@article{chen2023walking,
	author = {Chen, Howard and Pasunuru, Ramakanth and Weston, Jason and Celikyilmaz, Asli},
	journal = {arXiv},
	year = {2023},
	pages = {},
	publisher = {},
	title = {Walking {Down} the {Memory} {Maze}: Beyond {Context} {Limit} through {Interactive} {Reading}},
	volume = {abs/2310.05029},
}
@inproceedings{xu2024recomp,
	author = {Xu, Fangyuan and Shi, Weijia and Choi, Eunsol},
	booktitle = {The {Twelfth} {International} {Conference} on {Learning} {Representations}},
	year = {2024},
	pages = {},
	organization = {},
	title = {RECOMP: Improving {Retrieval}-{Augmented} {LMs} with {Context} {Compression} and {Selective} {Augmentation}},
	volume = {abs/2310.04408},
}
@article{chen2024membedding,
	author = {Chen, Jianlv and Xiao, Shitao and Zhang, Peitian and Luo, Kun and Lian, Defu and Liu, Zheng},
	journal = {arXiv},
	year = {2024},
	pages = {},
	publisher = {},
	title = {BGE {M3}-{Embedding}: Multi-{Lingual}, {Multi}-{Functionality}, {Multi}-{Granularity} {Text} {Embeddings} {Through} {Self}-{Knowledge} {Distillation}},
	volume = {abs/2402.03216},
}
@inproceedings{ma2023query,
	author = {Ma, Xinbei and Gong, Yeyun and He, Pengcheng and Zhao, Hai and Duan, Nan},
	booktitle = {Proceedings of the {Conference} on {Empirical} {Methods} in {Natural} {Language} {Processing}},
	year = {2023},
	pages = {5303--5315},
	organization = {Association for Computational Linguistics},
	title = {Query {Rewriting} in {Retrieval}-{Augmented} {Large} {Language} {Models}},
	volume = {},
}
@article{izacard2023atlas,
	author = {Izacard, Gautier and Lewis, Patrick S. H. and Lomeli, Maria and Hosseini, Lucas and Petroni, Fabio and Schick, Timo and Dwivedi-Yu, Jane and Joulin, Armand and Riedel, Sebastian and Grave, Edouard},
	journal = {Journal of Machine Learning Research (JMLR)},
	year = {2023},
	pages = {251:1--251:43},
	publisher = {},
	title = {Atlas: Few-shot {Learning} with {Retrieval} {Augmented} {Language} {Models}},
	volume = {24},
}
@inproceedings{khandelwal2020generalization,
	author = {Khandelwal, Urvashi and Levy, Omer and Jurafsky, Dan and Zettlemoyer, Luke and Lewis, Mike},
	booktitle = {International {Conference} on {Learning} {Representations} ({ICLR})},
	year = {2020},
	pages = {},
	organization = {},
	title = {Generalization through {Memorization}: Nearest {Neighbor} {Language} {Models}},
	volume = {},
}
@inproceedings{zhao2023retrieving,
	author = {Zhao, Ruochen and Chen, Hailin and Wang, Weishi and Jiao, Fangkai and Do, Xuan Long and Qin, Chengwei and Ding, Bosheng and Guo, Xiaobao and Li, Minzhi and Li, Xingxuan and Joty, Shafiq},
	booktitle = {Findings of the {Association} for {Computational} {Linguistics}: EMNLP 2023},
	year = {2023},
	pages = {4736--4756},
	organization = {Association for Computational Linguistics},
	title = {Retrieving {Multimodal} {Information} for {Augmented} {Generation}: A {Survey}},
	volume = {},
}
@article{ram2023incontext,
	author = {Ram, Ori and Levine, Yoav and Dalmedigos, Itay and Muhlgay, Dor and Shashua, Amnon and Leyton-Brown, Kevin and Shoham, Yoav},
	journal = {Transactions of the Association for Computational Linguistics},
	year = {2023},
	pages = {1316--1331},
	publisher = {MIT Press},
	title = {In-{Context} {Retrieval}-{Augmented} {Language} {Models}},
	volume = {11},
}
@inproceedings{chen2022murag,
	author = {Chen, Wenhu and Hu, Hexiang and Chen, Xi and Verga, Pat and Cohen, William},
	booktitle = {Proceedings of the {Conference} on {Empirical} {Methods} in {Natural} {Language} {Processing} ({EMNLP})},
	year = {2022},
	pages = {},
	organization = {},
	title = {MuRAG: Multimodal {Retrieval}-{Augmented} {Generator} for {Open} {Question} {Answering} over {Images} and {Text}},
	volume = {},
}
@inproceedings{yasunaga2023retrievalaugmented,
	author = {Yasunaga, Michihiro and Aghajanyan, Armen and Shi, Weijia and James, Richard and Leskovec, Jure and Liang, Percy and Lewis, Mike and Zettlemoyer, Luke and Yih, Wen-Tau},
	booktitle = {International {Conference} on {Machine} {Learning} ({ICML})},
	year = {2023},
	pages = {39755--39769},
	organization = {},
	title = {Retrieval-{Augmented} {Multimodal} {Language} {Modeling}},
	volume = {},
}
@article{huang2023retrieval,
	author = {Huang, Wenyu and Lapata, Mirella and Vougiouklis, Pavlos and Papasarantopoulos, Nikos and Pan, Jeff Z},
	journal = {Proc. of IJCNLP-AACL},
	year = {2023},
	pages = {},
	publisher = {},
	title = {Retrieval {Augmented} {Generation} with {Rich} {Answer} {Encoding}},
	volume = {2023},
}
@article{gao2023retrievalaugmented,
	author = {Gao, Yunfan and Xiong, Yun and Gao, Xinyu and Jia, Kangxiang and Pan, Jinliu and Bi, Yuxi and Dai, Yi and Sun, Jiawei and Wang, Meng and Wang, Haofen},
	journal = {arXiv},
	year = {2023},
	pages = {},
	publisher = {},
	title = {Retrieval-{Augmented} {Generation} for {Large} {Language} {Models}: A {Survey}},
	volume = {abs/2312.10997},
}
@article{chen2024benchmarking,
	author = {Chen, Jiawei and Lin, Hongyu and Han, Xianpei and Sun, Le},
	journal = {Proceedings of the AAAI Conference on Artificial Intelligence},
	number = {16},
	year = {2024},
	pages = {17754--17762},
	publisher = {Association for the Advancement of Artificial Intelligence (AAAI)},
	title = {Benchmarking {Large} {Language} {Models} in {Retrieval}-{Augmented} {Generation}},
	volume = {38},
}
@inproceedings{chen2023reimagen,
	author = {Chen, Wenhu and Hu, Hexiang and Saharia, Chitwan and Cohen, William W.},
	booktitle = {International {Conference} on {Learning} {Representations} ({ICLR})},
	year = {2023},
	pages = {},
	organization = {},
	title = {Re-{Imagen}: Retrieval-{Augmented} {Text}-to-{Image} {Generator}},
	volume = {},
}
@article{es2023ragas,
	author = {ES, Shahul and James, Jithin and Anke, Luis Espinosa and Schockaert, Steven},
	journal = {Conference of the European Chapter of the Association for Computational Linguistics},
	year = {2023},
	pages = {},
	publisher = {},
	title = {RAGAs: Automated {Evaluation} of {Retrieval} {Augmented} {Generation}},
	volume = {abs/2309.15217},
}
@inproceedings{hofst√§tter2023fidlight,
	author = {Hofst{\" a}tter, Sebastian and Chen, Jiecao and Raman, Karthik and Zamani, Hamed},
	booktitle = {Proceedings of the 46th {International} {ACM} {SIGIR} {Conference} on {Research} and {Development} in {Information} {Retrieval}},
	year = {2023},
	pages = {1437--1447},
	organization = {},
	title = {Fid-light: Efficient and effective retrieval-augmented text generation},
	volume = {},
}
@article{li2022survey,
	author = {Li, Huayang and Su, Yixuan and Cai, Deng and Wang, Yan and Liu, Lemao},
	journal = {arXiv},
	year = {2022},
	pages = {},
	publisher = {},
	title = {A {Survey} on {Retrieval}-{Augmented} {Text} {Generation}},
	volume = {abs/2202.01110},
}
@inproceedings{jiang2023active,
	author = {Jiang, Zhengbao and Xu, Frank F. and Gao, Luyu and Sun, Zhiqing and Liu, Qian and Dwivedi-Yu, Jane and Yang, Yiming and Callan, Jamie and Neubig, Graham},
	booktitle = {Conference on {Empirical} {Methods} in {Natural} {Language} {Processing} ({EMNLP})},
	year = {2023},
	pages = {7969--7992},
	organization = {},
	title = {Active {Retrieval} {Augmented} {Generation}},
	volume = {},
}
@inproceedings{lewis2020retrievalaugmented,
	author = {Lewis, Patrick S. H. and Perez, Ethan and Piktus, Aleksandra and Petroni, Fabio and Karpukhin, Vladimir and Goyal, Naman and K{\" u}ttler, Heinrich and Lewis, Mike and Yih, Wen-tau and Rockt{\" a}schel, Tim and Riedel, Sebastian and Kiela, Douwe},
	booktitle = {Conference on {Neural} {Information} {Processing} {Systems} ({NeurIPS})},
	year = {2020},
	pages = {},
	organization = {},
	title = {Retrieval-{Augmented} {Generation} for {Knowledge}-{Intensive} {NLP} {Tasks}.},
	volume = {},
}

@article{chan2024rqrag,
	author = {Chan, Chi-Min and Xu, Chunpu and Yuan, Ruibin and Luo, Hongyin and Xue, Wei and Guo, Yike and Fu, Jie},
	journal = {arXiv},
	year = {2024},
	pages = {},
	publisher = {},
	title = {RQ-{RAG}: Learning to {Refine} {Queries} for {Retrieval} {Augmented} {Generation}},
	volume = {abs/2404.00610},
}

@article{su2024dragin,
	author = {Su, Weihang and Tang, Yichen and Ai, Qingyao and Wu, Zhijing and Liu, Yiqun},
	journal = {arXiv},
	year = {2024},
	pages = {},
	publisher = {},
	title = {DRAGIN: Dynamic {Retrieval} {Augmented} {Generation} based on the {Real}-time {Information} {Needs} of {Large} {Language} {Models}},
	volume = {abs/2403.10081},
}

@inproceedings{yue2024evidencedriven,
	author = {Yue, Zhenrui and Zeng, Huimin and Lu, Yimeng and Shang, Lanyu and Zhang, Yang and Wang, Dong},
	booktitle = {North {American} {Chapter} of the {Association} for {Computational} {Linguistics}},
	year = {2024},
	pages = {},
	organization = {},
	title = {Evidence-{Driven} {Retrieval} {Augmented} {Response} {Generation} for {Online} {Misinformation}},
	volume = {abs/2403.14952},
}

@inproceedings{lee2024planrag,
	author = {Lee, Myeonghwa and An, Seonho and Kim, Min-Soo},
	booktitle = {Proceedings of the {Conference} of the {North} {American} {Chapter} of the {Association} for {Computational} {Linguistics}: Human {Language} {Technologies} ({Volume} 1: Long {Papers})},
	year = {2024},
	pages = {},
	organization = {Association for Computational Linguistics},
	title = {PlanRAG: A {Plan}-then-{Retrieval} {Augmented} {Generation} for {Generative} {Large} {Language} {Models} as {Decision} {Makers}},
	volume = {},
}

@inproceedings{cheng2023lift,
	author = {Cheng, Xin and Luo, Di and Chen, Xiuying and Liu, Lemao and Zhao, Dongyan and Yan, Rui},
	booktitle = {Conference on {Neural} {Information} {Processing} {Systems} ({NeurIPS})},
	year = {2023},
	pages = {},
	organization = {},
	title = {Lift {Yourself} {Up}: Retrieval-augmented {Text} {Generation} with {Self}-{Memory}.},
	volume = {},
}

 
@inproceedings{yang2024imrag,
	author = {Yang, Diji and Rao, Jinmeng and Chen, Kezhen and Guo, Xiaoyuan and Zhang, Yawen and Yang, Jie and Zhang, Yi},
	booktitle = {Proceedings of the 47th {International} {ACM} {SIGIR} {Conference} on {Research} and {Development} in {Information} {Retrieval}},
	year = {2024},
	pages = {730--740},
	organization = {ACM},
	title = {IM-{RAG}: Multi-{Round} {Retrieval}-{Augmented} {Generation} {Through} {Learning} {Inner} {Monologues}},
	volume = {33},
}

@article{yan2024corrective,
	author = {Yan, Shi-Qi and Gu, Jia-Chen and Zhu, Yun and Ling, Zhen-Hua},
	journal = {arXiv},
	year = {2024},
	pages = {},
	publisher = {},
	title = {Corrective {Retrieval} {Augmented} {Generation}},
	volume = {abs/2401.15884},
}

@inproceedings{xu2024listaware,
	author = {Xu, Shicheng and Pang, Liang and Xu, Jun and Shen, Huawei and Cheng, Xueqi},
	booktitle = {Proceedings of the {ACM} on {Web} {Conference} 2024},
	year = {2024},
	pages = {1330--1340},
	organization = {ACM},
	title = {List-aware {Reranking}-{Truncation} {Joint} {Model} for {Search} and {Retrieval}-augmented {Generation}},
	volume = {21},
}

@article{zhu2023large,
	author = {Zhu, Yutao and Yuan, Huaying and Wang, Shuting and Liu, Jiongnan and Liu, Wenhan and Deng, Chenlong and Dou, Zhicheng and Wen, Ji-Rong},
	journal = {arXiv},
	year = {2023},
	pages = {},
	publisher = {},
	title = {Large {Language} {Models} for {Information} {Retrieval}: A {Survey}},
	volume = {abs/2308.07107},
}

@inproceedings{ma2024finetuning,
	author = {Ma, Xueguang and Wang, Liang and Yang, Nan and Wei, Furu and Lin, Jimmy},
	booktitle = {Proceedings of the 47th {International} {ACM} {SIGIR} {Conference} on {Research} and {Development} in {Information} {Retrieval}},
	year = {2024},
	pages = {2421--2425},
	organization = {ACM},
	title = {Fine-{Tuning} {LLaMA} for {Multi}-{Stage} {Text} {Retrieval}},
	volume = {1},
}

@article{wang2024blendfilter,
	author = {Wang, Haoyu and Zhao, Tuo and Gao, Jing},
	journal = {arXiv},
	year = {2024},
	pages = {},
	publisher = {},
	title = {BlendFilter: Advancing {Retrieval}-{Augmented} {Large} {Language} {Models} via {Query} {Generation} {Blending} and {Knowledge} {Filtering}},
	volume = {abs/2402.11129},
}
@article{wang2023learning,
	author = {Wang, Zhiruo and Araki, Jun and Jiang, Zhengbao and Parvez, Md. Rizwan and Neubig, Graham},
	journal = {arXiv},
	year = {2023},
	pages = {},
	publisher = {},
	title = {Learning to {Filter} {Context} for {Retrieval}-{Augmented} {Generation}},
	volume = {abs/2311.08377},
}

@inproceedings{DBLP:conf/trec/FoxS93,
	author       = {Edward A. Fox and
	Joseph A. Shaw},
	editor       = {Donna K. Harman},
	title        = {Combination of Multiple Searches},
	booktitle    = {Proceedings of The Second Text REtrieval Conference, {TREC} 1993,
	Gaithersburg, Maryland, USA, August 31 - September 2, 1993},
	series       = {{NIST} Special Publication},
	volume       = {500-215},
	pages        = {243--252},
	publisher    = {National Institute of Standards and Technology {(NIST)}},
	year         = {1993},
	url          = {http://trec.nist.gov/pubs/trec2/papers/ps/vpi.ps},
	timestamp    = {Wed, 07 Jul 2021 16:44:23 +0200},
	biburl       = {https://dblp.org/rec/conf/trec/FoxS93.bib},
	bibsource    = {dblp computer science bibliography, https://dblp.org}
}

@inproceedings{huang2023learning,
	author = {Huang, Qiushi and Fu, Shuai and Liu, Xubo and Wang, Wenwu and Ko, Tom and Zhang, Yu and Tang, Lilian H. Y.},
	booktitle = {Conference on {Empirical} {Methods} in {Natural} {Language} {Processing} ({EMNLP})},
	year = {2023},
	pages = {2523--2540},
	organization = {},
	title = {Learning {Retrieval} {Augmentation} for {Personalized} {Dialogue} {Generation}.},
	volume = {},
}
@article{zerhoudi2024personarag,
	author = {Zerhoudi, Saber and Granitzer, Michael},
	journal = {arXiv},
	year = {2024},
	pages = {},
	publisher = {},
	title = {PersonaRAG: Enhancing {Retrieval}-{Augmented} {Generation} {Systems} with {User}-{Centric} {Agents}},
	volume = {},
}
@article{shi2024eragent,
	author = {Shi, Yunxiao and Zi, Xing and Shi, Zijing and Zhang, Haimin and Wu, Qiang and Xu, Min},
	journal = {arXiv},
	year = {2024},
	pages = {},
	publisher = {},
	title = {ERAGent: Enhancing {Retrieval}-{Augmented} {Language} {Models} with {Improved} {Accuracy}, {Efficiency}, and {Personalization}},
	volume = {abs/2405.06683},
}
@inproceedings{salemi2024optimization,
	author = {Salemi, Alireza and Kallumadi, Surya and Zamani, Hamed},
	booktitle = {Proceedings of the 47th {International} {ACM} {SIGIR} {Conference} on {Research} and {Development} in {Information} {Retrieval}},
	year = {2024},
	pages = {752--762},
	organization = {ACM},
	title = {Optimization {Methods} for {Personalizing} {Large} {Language} {Models} through {Retrieval} {Augmentation}},
	volume = {},
}

@article{yu2024evaluation,
	author = {Yu, Hao and Gan, Aoran and Zhang, Kai and Tong, Shiwei and Liu, Qi and Liu, Zhaofeng},
	journal = {arXiv},
	year = {2024},
	pages = {},
	publisher = {},
	title = {Evaluation of {Retrieval}-{Augmented} {Generation}: A {Survey}},
	volume = {abs/2405.07437},
}

@article{xiong2024benchmarking,
	author = {Xiong, Guangzhi and Jin, Qiao and Lu, Zhiyong and Zhang, Aidong},
	journal = {arXiv},
	year = {2024},
	pages = {},
	publisher = {},
	title = {Benchmarking {Retrieval}-{Augmented} {Generation} for {Medicine}},
	volume = {abs/2402.13178},
}

@article{tsatsaronis2015overview,
	author = {Tsatsaronis, George and Balikas, Georgios and Malakasiotis, Prodromos and Partalas, Ioannis and Zschunke, Matthias and Alvers, Michael R and Weissenborn, Dirk and Krithara, Anastasia and Petridis, Sergios and Polychronopoulos, Dimitris and Almirantis, Yannis and Pavlopoulos, John and Baskiotis, Nicolas and Gallinari, Patrick and Arti{\' e}res, Thierry and Ngomo, Axel-Cyrille Ngonga and Heino, Norman and Gaussier, Eric and Barrio-Alvers, Liliana and Schroeder, Michael and Androutsopoulos, Ion and Paliouras, Georgios},
	journal = {BMC Bioinformatics},
	number = {1},
	year = {2015},
	pages = {},
	publisher = {{Springer Science and Business Media LLC}},
	title = {An overview of the {BIOASQ} large-scale biomedical semantic indexing and question answering competition},
	volume = {16},
}
@inproceedings{jin2019pubmedqa,
	author = {Jin, Qiao and Dhingra, Bhuwan and Liu, Zhengping and Cohen, William W. and Lu, Xinghua},
	booktitle = {Conference on {Empirical} {Methods} in {Natural} {Language} {Processing} ({EMNLP})},
	year = {2019},
	pages = {2567--2577},
	organization = {},
	title = {PubMedQA: A {Dataset} for {Biomedical} {Research} {Question} {Answering}.},
	volume = {},
}
@inproceedings{pal2022medmcqa,
	author = {Pal, Ankit and Umapathi, Logesh Kumar and Sankarasubbu, Malaikannan},
	booktitle = {Conference on {Health}, {Inference}, and {Learning} ({CHIL})},
	year = {2022},
	pages = {248--260},
	organization = {},
	title = {MedMCQA: A {Large}-scale {Multi}-{Subject} {Multi}-{Choice} {Dataset} for {Medical} domain {Question} {Answering}.},
	volume = {},
}
@inproceedings{hendrycks2021measuring,
	author = {Hendrycks, Dan and Burns, Collin and Basart, Steven and Zou, Andy and Mazeika, Mantas and Song, Dawn and Steinhardt, Jacob},
	booktitle = {International {Conference} on {Learning} {Representations} ({ICLR})},
	year = {2021},
	pages = {},
	organization = {},
	title = {Measuring {Massive} {Multitask} {Language} {Understanding}.},
	volume = {},
}
@article{jin2021what,
	author = {Jin, Di and Pan, Eileen and Oufattole, Nassim and Weng, Wei-Hung and Fang, Hanyi and Szolovits, Peter},
	journal = {Applied Sciences},
	number = {14},
	year = {2021},
	pages = {6421},
	publisher = {MDPI AG},
	title = {What {Disease} {Does} {This} {Patient} {Have}? {A} {Large}-{Scale} {Open} {Domain} {Question} {Answering} {Dataset} from {Medical} {Exams}},
	volume = {11},
}

@inproceedings{salemi2024evaluating,
	author = {Salemi, Alireza and Zamani, Hamed},
	booktitle = {Proceedings of the 47th {International} {ACM} {SIGIR} {Conference} on {Research} and {Development} in {Information} {Retrieval}},
	year = {2024},
	pages = {2395--2400},
	organization = {ACM},
	title = {Evaluating {Retrieval} {Quality} in {Retrieval}-{Augmented} {Generation}},
	volume = {21},
}

@article{rau2024bergen,
	author = {Rau, David and D{\' e}jean, Herv{\' e} and Chirkova, Nadezhda and Formal, Thibault and Wang, Shuai and Nikoulina, Vassilina and Clinchant, St{\' e}phane},
	journal = {arXiv},
	year = {2024},
	pages = {},
	publisher = {},
	title = {BERGEN: A {Benchmarking} {Library} for {Retrieval}-{Augmented} {Generation}},
	volume = {abs/2407.01102},
}

@inproceedings{lassance2022naver,
	author = {Lassance, Carlos and Clinchant, St{\' e}phane},
	booktitle = {Text {Retrieval} {Conference} ({TREC})},
	year = {2022},
	pages = {},
	organization = {},
	title = {Naver {Labs} {Europe} ({SPLADE}) @ {TREC} {NeuCLIR} 2022.},
	volume = {},
}

@article{lassance2024spladev,
	author = {Lassance, Carlos and D{\' e}jean, Herv{\' e} and Formal, Thibault and Clinchant, St{\' e}phane},
	journal = {arXiv},
	year = {2024},
	pages = {},
	publisher = {},
	title = {SPLADE-v3: New baselines for {SPLADE}},
	volume = {abs/2403.06789},
}

@inproceedings{xiao2022retromae,
	author = {Xiao, Shitao and Liu, Zheng and Shao, Yingxia and Cao, Zhao},
	booktitle = {Conference on {Empirical} {Methods} in {Natural} {Language} {Processing} ({EMNLP})},
	year = {2022},
	pages = {538--548},
	organization = {},
	title = {RetroMAE: Pre-{Training} {Retrieval}-oriented {Language} {Models} {Via} {Masked} {Auto}-{Encoder}.},
	volume = {},
}

@inproceedings{kim2024solar,
	author = {Kim, Sanghoon and Kim, Dahyun and Park, Chanjun and Lee, Wonsung and Song, Wonho and Kim, Yunsu and Kim, Hyeonwoo and Kim, Yungi and Lee, Hyeonju and Kim, Jihoo and Ahn, Changbae and Yang, Seonghoon and Lee, Sukyung and Park, Hyunbyung and Gim, Gyoungjin and Cha, Mikyoung and Lee, Hwalsuk and Kim, Sunghun},
	booktitle = {Proceedings of the {Conference} of the {North} {American} {Chapter} of the {Association} for {Computational} {Linguistics}: Human {Language} {Technologies} ({Volume} 6: Industry {Track})},
	year = {2024},
	pages = {},
	organization = {Association for Computational Linguistics},
	title = {SOLAR 10.7B: Scaling {Large} {Language} {Models} with {Simple} yet {Effective} {Depth} {Up}-{Scaling}},
	volume = {abs/2312.15166},
}

@inproceedings{bulian2022tomayto,
	author = {Bulian, Jannis and Buck, Christian and Gajewski, Wojciech and B{\" o}rschinger, Benjamin and Schuster, Tal},
	booktitle = {Conference on {Empirical} {Methods} in {Natural} {Language} {Processing} ({EMNLP})},
	year = {2022},
	pages = {291--305},
	organization = {},
	title = {Tomayto, {Tomahto}. {Beyond} {Token}-level {Answer} {Equivalence} for {Question} {Answering} {Evaluation}.},
	volume = {},
}

@inproceedings{radlinski2010comparing,
	author = {Radlinski, Filip and Craswell, Nick},
	booktitle = {Annual {International} {ACM} {SIGIR} {Conference} on {Research} and {Development} in {Information} {Retrieval} ({SIGIR})},
	year = {2010},
	pages = {667--674},
	organization = {},
	title = {Comparing the sensitivity of information retrieval metrics.},
	volume = {},
}

@inproceedings{lin-2004-rouge,
	title = "{ROUGE}: A Package for Automatic Evaluation of Summaries",
	author = "Lin, Chin-Yew",
	booktitle = "Text Summarization Branches Out",
	month = jul,
	year = "2004",
	address = "Barcelona, Spain",
	publisher = "Association for Computational Linguistics",
	url = "https://aclanthology.org/W04-1013",
	pages = "74--81",
}

@inproceedings{10.3115/1073083.1073135,
	author = {Papineni, Kishore and Roukos, Salim and Ward, Todd and Zhu, Wei-Jing},
	title = {BLEU: a method for automatic evaluation of machine translation},
	year = {2002},
	publisher = {Association for Computational Linguistics},
	address = {USA},
	url = {https://doi.org/10.3115/1073083.1073135},
	doi = {10.3115/1073083.1073135},
	booktitle = {Proceedings of the 40th Annual Meeting on Association for Computational Linguistics},
	pages = {311‚Äì318},
	numpages = {8},
	location = {Philadelphia, Pennsylvania},
	series = {ACL '02}
}

@article{DBLP:journals/corr/abs-2305-18486,
	author       = {Md. Tahmid Rahman Laskar and
	M. Saiful Bari and
	Mizanur Rahman and
	Md Amran Hossen Bhuiyan and
	Shafiq Joty and
	Jimmy Xiangji Huang},
	title        = {A Systematic Study and Comprehensive Evaluation of
	ChatGPT on Benchmark
	Datasets},
	journal      = {CoRR},
	volume       = {abs/2305.18486},
	year         = {2023},
	url          = {https://doi.org/10.48550/arXiv.2305.18486},
	doi          = {10.48550/ARXIV.2305.18486},
	eprinttype    = {arXiv},
	eprint       = {2305.18486},
	timestamp    = {Wed, 07 Jun 2023 14:31:13 +0200},
	biburl       = {https://dblp.org/rec/journals/corr/abs-2305-18486.bib},
	bibsource    = {dblp computer science bibliography, https://dblp.org}
}

@article{DBLP:journals/corr/abs-2306-04504,
	author       = {Israt Jahan and
	Md. Tahmid Rahman Laskar and
	Chun Peng and
	Jimmy Xiangji Huang},
	title        = {Evaluation of ChatGPT on Biomedical Tasks: {A}
	Zero-Shot Comparison
	with Fine-Tuned Generative Transformers},
	journal      = {CoRR},
	volume       = {abs/2306.04504},
	year         = {2023},
	url          = {https://doi.org/10.48550/arXiv.2306.04504},
	doi          = {10.48550/ARXIV.2306.04504},
	eprinttype    = {arXiv},
	eprint       = {2306.04504},
	timestamp    = {Wed, 20 Mar 2024 10:43:56 +0100},
	biburl       = {https://dblp.org/rec/journals/corr/abs-2306-04504.bib},
	bibsource    = {dblp computer science bibliography, https://dblp.org}
}

@article{DBLP:journals/corr/abs-2402-11203,
	author       = {Yizheng Huang and
	Jimmy Huang},
	title        = {Exploring ChatGPT for Next-generation Information
	Retrieval: Opportunities
	and Challenges},
	journal      = {CoRR},
	volume       = {abs/2402.11203},
	year         = {2024},
	url          = {https://doi.org/10.48550/arXiv.2402.11203},
	doi          = {10.48550/ARXIV.2402.11203},
	eprinttype    = {arXiv},
	eprint       = {2402.11203},
	timestamp    = {Mon, 26 Feb 2024 16:52:48 +0100},
	biburl       = {https://dblp.org/rec/journals/corr/abs-2402-11203.bib},
	bibsource    = {dblp computer science bibliography, https://dblp.org}
}

@inproceedings{DBLP:conf/ai/LaskarHH20,
	author       = {Md. Tahmid Rahman Laskar and
	Enamul Hoque and
	Jimmy X. Huang},
	editor       = {Cyril Goutte and
	Xiaodan Zhu},
	title        = {Query Focused Abstractive Summarization via
	Incorporating Query Relevance
	and Transfer Learning with Transformer Models},
	booktitle    = {Advances in Artificial Intelligence - 33rd Canadian
	Conference on
	Artificial Intelligence, Canadian {AI} 2020, Ottawa,
	ON, Canada, May
	13-15, 2020, Proceedings},
	series       = {Lecture Notes in Computer Science},
	volume       = {12109},
	pages        = {342--348},
	publisher    = {Springer},
	year         = {2020},
	url          = {https://doi.org/10.1007/978-3-030-47358-7\_35},
	doi          = {10.1007/978-3-030-47358-7\_35},
	timestamp    = {Mon, 18 Dec 2023 11:22:01 +0100},
	biburl       = {https://dblp.org/rec/conf/ai/LaskarHH20.bib},
	bibsource    = {dblp computer science bibliography, https://dblp.org}
}

@inproceedings{DBLP:conf/trec/Hancock-BeaulieuGHRWW96,
	author       = {Micheline Hancock{-}Beaulieu and
	Mike Gatford and
	Xiangji Huang and
	Stephen E. Robertson and
	Steve Walker and
	P. W. Williams},
	editor       = {Ellen M. Voorhees and
	Donna K. Harman},
	title        = {Okapi at {TREC-5}},
	booktitle    = {Proceedings of The Fifth Text REtrieval Conference,
	{TREC} 1996, Gaithersburg,
	Maryland, USA, November 20-22, 1996},
	series       = {{NIST} Special Publication},
	volume       = {500-238},
	publisher    = {National Institute of Standards and Technology {(NIST)}},
	year         = {1996},
	url          = {http://trec.nist.gov/pubs/trec5/papers/city.procpaper.ps.gz},
	timestamp    = {Sun, 02 Oct 2022 16:16:32 +0200},
	biburl       = {https://dblp.org/rec/conf/trec/Hancock-BeaulieuGHRWW96.bib},
	bibsource    = {dblp computer science bibliography, https://dblp.org}
}

@article{DBLP:journals/ipm/HuangMH13,
	author       = {Jimmy Xiangji Huang and
	Jun Miao and
	Ben He},
	title        = {High performance query expansion using adaptive co-training},
	journal      = {Inf. Process. Manag.},
	volume       = {49},
	number       = {2},
	pages        = {441--453},
	year         = {2013},
	url          = {https://doi.org/10.1016/j.ipm.2012.08.002},
	doi          = {10.1016/J.IPM.2012.08.002},
	timestamp    = {Sun, 02 Oct 2022 15:39:24 +0200},
	biburl       = {https://dblp.org/rec/journals/ipm/HuangMH13.bib},
	bibsource    = {dblp computer science bibliography, https://dblp.org}
}

@inproceedings{DBLP:conf/ecai/HuangH23,
	author       = {Yizheng Huang and
	Jimmy X. Huang},
	editor       = {Kobi Gal and
	Ann Now{\'{e}} and
	Grzegorz J. Nalepa and
	Roy Fairstein and
	Roxana Radulescu},
	title        = {Diversified Prior Knowledge Enhanced General Language Model for Biomedical
	Information Retrieval},
	booktitle    = {{ECAI} 2023 - 26th European Conference on Artificial Intelligence,
	September 30 - October 4, 2023, Krak{\'{o}}w, Poland - Including
	12th Conference on Prestigious Applications of Intelligent Systems
	{(PAIS} 2023)},
	series       = {Frontiers in Artificial Intelligence and Applications},
	volume       = {372},
	pages        = {1109--1115},
	publisher    = {{IOS} Press},
	year         = {2023},
	url          = {https://doi.org/10.3233/FAIA230385},
	doi          = {10.3233/FAIA230385},
	timestamp    = {Mon, 19 Feb 2024 08:54:56 +0100},
	biburl       = {https://dblp.org/rec/conf/ecai/HuangH23.bib},
	bibsource    = {dblp computer science bibliography, https://dblp.org}
}

@inproceedings{DBLP:conf/sigir/YuLYXBG020,
	author       = {Shi Yu and
	Jiahua Liu and
	Jingqin Yang and
	Chenyan Xiong and
	Paul N. Bennett and
	Jianfeng Gao and
	Zhiyuan Liu},
	editor       = {Jimmy X. Huang and
	Yi Chang and
	Xueqi Cheng and
	Jaap Kamps and
	Vanessa Murdock and
	Ji{-}Rong Wen and
	Yiqun Liu},
	title        = {Few-Shot Generative Conversational Query Rewriting},
	booktitle    = {Proceedings of the 43rd International {ACM} {SIGIR} conference on
	research and development in Information Retrieval, {SIGIR} 2020, Virtual
	Event, China, July 25-30, 2020},
	pages        = {1933--1936},
	publisher    = {{ACM}},
	year         = {2020},
	url          = {https://doi.org/10.1145/3397271.3401323},
	doi          = {10.1145/3397271.3401323},
	timestamp    = {Thu, 11 Apr 2024 13:33:57 +0200},
	biburl       = {https://dblp.org/rec/conf/sigir/YuLYXBG020.bib},
	bibsource    = {dblp computer science bibliography, https://dblp.org}
}

@article{DBLP:journals/jasis/JansenBS09,
	author       = {Bernard J. Jansen and
	Danielle L. Booth and
	Amanda Spink},
	title        = {Patterns of query reformulation during Web searching},
	journal      = {J. Assoc. Inf. Sci. Technol.},
	volume       = {60},
	number       = {7},
	pages        = {1358--1371},
	year         = {2009},
	url          = {https://doi.org/10.1002/asi.21071},
	doi          = {10.1002/ASI.21071},
	timestamp    = {Mon, 02 Mar 2020 17:22:54 +0100},
	biburl       = {https://dblp.org/rec/journals/jasis/JansenBS09.bib},
	bibsource    = {dblp computer science bibliography, https://dblp.org}
}

@inproceedings{DBLP:conf/nips/BevilacquaOLY0P22,
	author       = {Michele Bevilacqua and
	Giuseppe Ottaviano and
	Patrick S. H. Lewis and
	Scott Yih and
	Sebastian Riedel and
	Fabio Petroni},
	editor       = {Sanmi Koyejo and
	S. Mohamed and
	A. Agarwal and
	Danielle Belgrave and
	K. Cho and
	A. Oh},
	title        = {Autoregressive Search Engines: Generating Substrings as Document Identifiers},
	booktitle    = {Advances in Neural Information Processing Systems 35: Annual Conference
	on Neural Information Processing Systems 2022, NeurIPS 2022, New Orleans,
	LA, USA, November 28 - December 9, 2022},
	year         = {2022},
	url          = {http://papers.nips.cc/paper\_files/paper/2022/hash/cd88d62a2063fdaf7ce6f9068fb15dcd-Abstract-Conference.html},
	timestamp    = {Mon, 08 Jan 2024 16:31:27 +0100},
	biburl       = {https://dblp.org/rec/conf/nips/BevilacquaOLY0P22.bib},
	bibsource    = {dblp computer science bibliography, https://dblp.org}
}

@inproceedings{DBLP:conf/sigir/HuangH09,
	author       = {Xiangji Huang and
	Qinmin Hu},
	editor       = {James Allan and
	Javed A. Aslam and
	Mark Sanderson and
	ChengXiang Zhai and
	Justin Zobel},
	title        = {A bayesian learning approach to promoting diversity
	in ranking for
	biomedical information retrieval},
	booktitle    = {Proceedings of the 32nd Annual International {ACM}
	{SIGIR} Conference
	on Research and Development in Information
	Retrieval, {SIGIR} 2009,
	Boston, MA, USA, July 19-23, 2009},
	pages        = {307--314},
	publisher    = {{ACM}},
	year         = {2009},
	url          = {https://doi.org/10.1145/1571941.1571995},
	doi          = {10.1145/1571941.1571995},
	timestamp    = {Sun, 02 Oct 2022 16:15:15 +0200},
	biburl       = {https://dblp.org/rec/conf/sigir/HuangH09.bib},
	bibsource    = {dblp computer science bibliography, https://dblp.org}
}

@article{achiam2023gpt,
	author = {Achiam, OpenAI Josh and Adler, Steven and Agarwal, Sandhini and Ahmad, Lama and etc.},
	journal = {arXiv},
	year = {2023},
	pages = {},
	publisher = {},
	title = {GPT-4 {Technical} {Report}},
	volume = {},
}

@book{DBLP:books/daglib/0021593,
	author       = {Christopher D. Manning and
	Prabhakar Raghavan and
	Hinrich Sch{\"{u}}tze},
	title        = {Introduction to information retrieval},
	publisher    = {Cambridge University Press},
	year         = {2008},
	url          = {https://nlp.stanford.edu/IR-book/pdf/irbookprint.pdf},
	doi          = {10.1017/CBO9780511809071},
	isbn         = {978-0-521-86571-5},
	timestamp    = {Thu, 12 Mar 2020 11:24:04 +0100},
	biburl       = {https://dblp.org/rec/books/daglib/0021593.bib},
	bibsource    = {dblp computer science bibliography, https://dblp.org}
}

@article{DBLP:journals/jacm/AryaMNSW98,
	author       = {Sunil Arya and
	David M. Mount and
	Nathan S. Netanyahu and
	Ruth Silverman and
	Angela Y. Wu},
	title        = {An Optimal Algorithm for Approximate Nearest Neighbor Searching Fixed
	Dimensions},
	journal      = {J. {ACM}},
	volume       = {45},
	number       = {6},
	pages        = {891--923},
	year         = {1998},
	url          = {https://doi.org/10.1145/293347.293348},
	doi          = {10.1145/293347.293348},
	timestamp    = {Sat, 30 Sep 2023 10:17:29 +0200},
	biburl       = {https://dblp.org/rec/journals/jacm/AryaMNSW98.bib},
	bibsource    = {dblp computer science bibliography, https://dblp.org}
}

@ARTICLE{8594636,
	author={Malkov, Yu A. and Yashunin, D. A.},
	journal={IEEE Transactions on Pattern Analysis and Machine Intelligence}, 
	title={Efficient and Robust Approximate Nearest Neighbor Search Using Hierarchical Navigable Small World Graphs}, 
	year={2020},
	volume={42},
	number={4},
	pages={824-836},
	keywords={Routing;Complexity theory;Search problems;Data models;Approximation algorithms;Biological system modeling;Brain modeling;Graph and tree search strategies;artificial intelligence;information search and retrieval;information storage and retrieval;information technology and systems;search process;graphs and networks;data structures;nearest neighbor search;big data;approximate search;similarity search},
	doi={10.1109/TPAMI.2018.2889473}}
	
@ARTICLE{8733051,
	author={Johnson, Jeff and Douze, Matthijs and J√©gou, Herv√©},
	journal={IEEE Transactions on Big Data}, 
	title={Billion-Scale Similarity Search with GPUs}, 
	year={2021},
	volume={7},
	number={3},
	pages={535-547},
	keywords={Graphics processing units;Quantization (signal);Big Data;Indexing;Task analysis;Random access memory;Similarity search;multimedia databases;indexing methods;graphical processing units},
	doi={10.1109/TBDATA.2019.2921572}}
		
@inproceedings{karpukhin2020dense,
	author = {Karpukhin, Vladimir and Oguz, Barlas and Min, Sewon and Lewis, Patrick S. H. and Wu, Ledell and Edunov, Sergey and Chen, Danqi and Yih, Wen-tau},
	booktitle = {Conference on {Empirical} {Methods} in {Natural} {Language} {Processing} ({EMNLP})},
	year = {2020},
	pages = {6769--6781},
	organization = {},
	title = {Dense {Passage} {Retrieval} for {Open}-{Domain} {Question} {Answering}.},
	volume = {},
}

@inproceedings{black2022gptneoxb,
	author = {Black, Sidney and Biderman, Stella and Hallahan, Eric and Anthony, Quentin and Gao, Leo and Golding, Laurence and He, Horace and Leahy, Connor and McDonell, Kyle and Phang, Jason and Pieler, Michael and Prashanth, Usvsn Sai and Purohit, Shivanshu and Reynolds, Laria and Tow, Jonathan and Wang, Ben and Weinbach, Samuel},
	booktitle = {Proceedings of {BigScience} {Episode} \#5 -- {Workshop} on {Challenges} \& {Perspectives} in {Creating} {Large} {Language} {Models}},
	year = {2022},
	pages = {},
	organization = {Association for Computational Linguistics},
	title = {GPT-{NeoX}-20B: An {Open}-{Source} {Autoregressive} {Language} {Model}},
	volume = {abs/2204.06745},
}

@article{gao2021pile,
	author = {Gao, Leo and Biderman, Stella and Black, Sid and Golding, Laurence and Hoppe, Travis and Foster, Charles and Phang, Jason and He, Horace and Thite, Anish and Nabeshima, Noa and Presser, Shawn and Leahy, Connor},
	journal = {arXiv},
	year = {2021},
	pages = {},
	publisher = {},
	title = {The {Pile}: An 800GB {Dataset} of {Diverse} {Text} for {Language} {Modeling}},
	volume = {abs/2101.00027},
}

@inproceedings{nogueira2020document,
	author = {Nogueira, Rodrigo and Jiang, Zhiying and Pradeep, Ronak and Lin, Jimmy},
	booktitle = {Findings of the {Association} for {Computational} {Linguistics}: EMNLP 2020},
	year = {2020},
	pages = {},
	organization = {Association for Computational Linguistics},
	title = {Document {Ranking} with a {Pretrained} {Sequence}-to-{Sequence} {Model}},
	volume = {},
}

@inproceedings{DBLP:conf/sigir/MaWYWL24,
	author       = {Xueguang Ma and
	Liang Wang and
	Nan Yang and
	Furu Wei and
	Jimmy Lin},
	editor       = {Grace Hui Yang and
	Hongning Wang and
	Sam Han and
	Claudia Hauff and
	Guido Zuccon and
	Yi Zhang},
	title        = {Fine-Tuning LLaMA for Multi-Stage Text Retrieval},
	booktitle    = {Proceedings of the 47th International {ACM} {SIGIR} Conference on
	Research and Development in Information Retrieval, {SIGIR} 2024, Washington
	DC, USA, July 14-18, 2024},
	pages        = {2421--2425},
	publisher    = {{ACM}},
	year         = {2024},
	url          = {https://doi.org/10.1145/3626772.3657951},
	doi          = {10.1145/3626772.3657951},
	timestamp    = {Tue, 06 Aug 2024 08:17:53 +0200},
	biburl       = {https://dblp.org/rec/conf/sigir/MaWYWL24.bib},
	bibsource    = {dblp computer science bibliography, https://dblp.org}
}

@article{wang2024searching,
	author = {Wang, Xiaohua and Wang, Zhenghua and Gao, Xuan and Zhang, Feiran and Wu, Yixin and Xu, Zhibo and Shi, Tianyuan and Wang, Zhengyuan and Li, Shizheng and Qian, Qi and Yin, Ruicheng and Lv, Changze and Zheng, Xiaoqing and Huang, Xuanjing},
	journal = {arXiv},
	year = {2024},
	pages = {},
	publisher = {},
	title = {Searching for {Best} {Practices} in {Retrieval}-{Augmented} {Generation}},
	volume = {abs/2407.01219},
}

@inproceedings{gao2023precise,
	author = {Gao, Luyu and Ma, Xueguang and Lin, Jimmy and Callan, Jamie},
	booktitle = {Proceedings of the 61st {Annual} {Meeting} of the {Association} for {Computational} {Linguistics} ({Volume} 1: Long {Papers})},
	year = {2023},
	pages = {1762--1777},
	organization = {Association for Computational Linguistics},
	title = {Precise {Zero}-{Shot} {Dense} {Retrieval} without {Relevance} {Labels}},
	volume = {},
}

@article{gao2024modular,
	author = {Gao, Yunfan and Xiong, Yun and Wang, Meng and Wang, Haofen},
	journal = {arXiv},
	year = {2024},
	pages = {},
	publisher = {},
	title = {Modular {RAG}: Transforming {RAG} {Systems} into {LEGO}-like {Reconfigurable} {Frameworks}},
	volume = {},
}

@inproceedings{pan2023lmdiskann,
	author = {Pan, Yu and Sun, Jianxin and Yu, Hongfeng},
	booktitle = {2023 {IEEE} {International} {Conference} on {Big} {Data} ({BigData})},
	year = {2023},
	pages = {},
	organization = {IEEE},
	title = {LM-{DiskANN}: Low {Memory} {Footprint} in {Disk}-{Native} {Dynamic} {Graph}-{Based} {ANN} {Indexing}},
	volume = {},
}

@article{muennighoff2022sgpt,
	author = {Muennighoff, Niklas},
	journal = {arXiv},
	year = {2022},
	pages = {},
	publisher = {},
	title = {SGPT: GPT {Sentence} {Embeddings} for {Semantic} {Search}},
	volume = {abs/2202.08904},
}

@misc{vicuna2023,
	title = {Vicuna: An Open-Source Chatbot Impressing GPT-4 with 90\%* ChatGPT Quality},
	url = {https://lmsys.org/blog/2023-03-30-vicuna/},
	author = {Chiang, Wei-Lin and Li, Zhuohan and Lin, Zi and Sheng, Ying and Wu, Zhanghao and Zhang, Hao and Zheng, Lianmin and Zhuang, Siyuan and Zhuang, Yonghao and Gonzalez, Joseph E. and Stoica, Ion and Xing, Eric P.},
	month = {March},
	year = {2023}
}

@article{wang2022text,
	author = {Wang, Liang and Yang, Nan and Huang, Xiaolong and Jiao, Binxing and Yang, Linjun and Jiang, Daxin and Majumder, Rangan and Wei, Furu},
	journal = {arXiv},
	year = {2022},
	pages = {},
	publisher = {},
	title = {Text {Embeddings} by {Weakly}-{Supervised} {Contrastive} {Pre}-training},
	volume = {abs/2212.03533},
}

@inproceedings{ai2018learning,
	author = {Ai, Qingyao and Bi, Keping and Guo, Jiafeng and Croft, W. Bruce},
	booktitle = {The 41st {International} {ACM} {SIGIR} {Conference} on {Research} \& {Development} in {Information} {Retrieval}},
	year = {2018},
	pages = {},
	organization = {ACM},
	title = {Learning a {Deep} {Listwise} {Context} {Model} for {Ranking} {Refinement}},
	volume = {},
}

@inproceedings{penedo2023refinedweb,
	author = {Penedo, Guilherme and Malartic, Quentin and Hesslow, Daniel and Cojocaru, Ruxandra and Alobeidli, Hamza and Cappelli, Alessandro and Pannier, Baptiste and Almazrouei, Ebtesam and Launay, Julien},
	booktitle = {Conference on {Neural} {Information} {Processing} {Systems} ({NeurIPS})},
	year = {2023},
	pages = {},
	organization = {},
	title = {The {RefinedWeb} {Dataset} for {Falcon} {LLM}: Outperforming {Curated} {Corpora} with {Web} {Data} {Only}.},
	volume = {},
}

@article{herrera‚Äêviedma2006evaluating,
	author = {HerreraViedma, Enrique and Pasi, Gabriella and LopezHerrera, Antonio G. and Porcel, Carlos},
	journal = {Journal of the American Society for Information Science and Technology},
	number = {4},
	year = {2006},
	pages = {538--549},
	publisher = {Wiley},
	title = {Evaluating the information quality of {Web} sites: A methodology based on fuzzy computing with words},
	volume = {57},
}

@article{zhong2012effective,
	author = {Zhong, Ning and Li, Yuefeng and Wu, Sheng-Tang},
	journal = {IEEE Transactions on Knowledge and Data Engineering},
	number = {1},
	year = {2012},
	pages = {30--44},
	publisher = {IEEE},
	title = {Effective {Pattern} {Discovery} for {Text} {Mining}},
	volume = {24},
}

@article{xiong2023xrr,
	author = {Xiong, Jie and Yu, Li and Niu, Xi and Leng, Youfang},
	journal = {Information Sciences},
	year = {2023},
	pages = {115--132},
	publisher = {Elsevier BV},
	title = {XRR: Extreme multi-label text classification with candidate retrieving and deep ranking},
	volume = {622},
}

@inproceedings{wang2022webformer,
	author = {Wang, Qifan and Fang, Yi and Ravula, Anirudh and Feng, Fuli and Quan, Xiaojun and Liu, Dongfang},
	booktitle = {Proceedings of the {ACM} {Web} {Conference} 2022},
	year = {2022},
	pages = {},
	organization = {ACM},
	title = {WebFormer: The {Web}-page {Transformer} for {Structure} {Information} {Extraction}},
	volume = {},
}





