@String(PAMI = {IEEE Trans. Pattern Anal. Mach. Intell.})
@String(IJCV = {Int. J. Comput. Vis.})
@String(CVPR= {IEEE Conf. Comput. Vis. Pattern Recog.})
@String(ICCV= {Int. Conf. Comput. Vis.})
@String(ECCV= {Eur. Conf. Comput. Vis.})
@String(NIPS= {Adv. Neural Inform. Process. Syst.})
@String(ICPR = {Int. Conf. Pattern Recog.})
@String(BMVC= {Brit. Mach. Vis. Conf.})
@String(TOG= {ACM Trans. Graph.})
@String(TIP  = {IEEE Trans. Image Process.})
@String(TVCG  = {IEEE Trans. Vis. Comput. Graph.})
@String(TMM  = {IEEE Trans. Multimedia})
@String(ACMMM= {ACM Int. Conf. Multimedia})
@String(ICME = {Int. Conf. Multimedia and Expo})
@String(ICASSP=	{ICASSP})
@String(ICIP = {IEEE Int. Conf. Image Process.})
@String(ACCV  = {ACCV})
@String(ICLR = {Int. Conf. Learn. Represent.})
@String(IJCAI = {IJCAI})
@String(PR   = {Pattern Recognition})
@String(AAAI = {AAAI})
@String(CVPRW= {IEEE Conf. Comput. Vis. Pattern Recog. Worksh.})
@String(CSVT = {IEEE Trans. Circuit Syst. Video Technol.})

@String(SPL	= {IEEE Sign. Process. Letters})
@String(VR   = {Vis. Res.})
@String(JOV	 = {J. Vis.})
@String(TVC  = {The Vis. Comput.})
@String(JCST  = {J. Comput. Sci. Tech.})
@String(CGF  = {Comput. Graph. Forum})
@String(CVM = {Computational Visual Media})


@String(PAMI  = {IEEE TPAMI})
@String(IJCV  = {IJCV})
@String(CVPR  = {CVPR})
@String(ICCV  = {ICCV})
@String(ECCV  = {ECCV})
@String(NIPS  = {NeurIPS})
@String(ICPR  = {ICPR})
@String(BMVC  =	{BMVC})
@String(TOG   = {ACM TOG})
@String(TIP   = {IEEE TIP})
@String(TVCG  = {IEEE TVCG})
@String(TCSVT = {IEEE TCSVT})
@String(TMM   =	{IEEE TMM})
@String(ACMMM = {ACM MM})
@String(ICME  =	{ICME})
@String(ICASSP=	{ICASSP})
@String(ICIP  = {ICIP})
@String(ACCV  = {ACCV})
@String(ICLR  = {ICLR})
@String(IJCAI = {IJCAI})
@String(PR = {PR})
@String(AAAI = {AAAI})
@String(CVPRW= {CVPRW})
@String(CSVT = {IEEE TCSVT})


@inproceedings{zhang2023pha,
  title={Pha: Patch-wise high-frequency augmentation for transformer-based person re-identification},
  author={Zhang, Guiwei and Zhang, Yongfei and Zhang, Tianyu and Li, Bo and Pu, Shiliang},
  booktitle={Proceedings of the IEEE/CVF conference on computer vision and pattern recognition},
  pages={14133--14142},
  year={2023}
}

@inproceedings{yang2023effective,
  title={Effective whole-body pose estimation with two-stages distillation},
  author={Yang, Zhendong and Zeng, Ailing and Yuan, Chun and Li, Yu},
  booktitle={Proceedings of the IEEE/CVF International Conference on Computer Vision},
  pages={4210--4220},
  year={2023}
}

@inproceedings{rombach2022high,
  title={High-resolution image synthesis with latent diffusion models},
  author={Rombach, Robin and Blattmann, Andreas and Lorenz, Dominik and Esser, Patrick and Ommer, Bj{\"o}rn},
  booktitle={Proceedings of the IEEE/CVF conference on computer vision and pattern recognition},
  pages={10684--10695},
  year={2022}
}

@article{kingma2013auto,
  title={Auto-encoding variational bayes},
  author={Kingma, Diederik P},
  journal={arXiv preprint arXiv:1312.6114},
  year={2013}
}
@article{song2020denoising,
  title={Denoising diffusion implicit models},
  author={Song, Jiaming and Meng, Chenlin and Ermon, Stefano},
  journal={arXiv preprint arXiv:2010.02502},
  year={2020}
}
@article{ho2022classifier,
  title={Classifier-free diffusion guidance},
  author={Ho, Jonathan and Salimans, Tim},
  journal={arXiv preprint arXiv:2207.12598},
  year={2022}
}

@inproceedings{he2021transreid,
  title={Transreid: Transformer-based object re-identification},
  author={He, Shuting and Luo, Hao and Wang, Pichao and Wang, Fan and Li, Hao and Jiang, Wei},
  booktitle={Proceedings of the IEEE/CVF international conference on computer vision},
  pages={15013--15022},
  year={2021}
}

@inproceedings{zheng2015scalable,
  title={Scalable person re-identification: A benchmark},
  author={Zheng, Liang and Shen, Liyue and Tian, Lu and Wang, Shengjin and Wang, Jingdong and Tian, Qi},
  booktitle={Proceedings of the IEEE international conference on computer vision},
  pages={1116--1124},
  year={2015}
}
@inproceedings{wei2018person,
  title={Person transfer gan to bridge domain gap for person re-identification},
  author={Wei, Longhui and Zhang, Shiliang and Gao, Wen and Tian, Qi},
  booktitle={Proceedings of the IEEE conference on computer vision and pattern recognition},
  pages={79--88},
  year={2018}
}
@inproceedings{zheng2016mars,
  title={Mars: A video benchmark for large-scale person re-identification},
  author={Zheng, Liang and Bie, Zhi and Sun, Yifan and Wang, Jingdong and Su, Chi and Wang, Shengjin and Tian, Qi},
  booktitle={Computer Vision--ECCV 2016: 14th European Conference, Amsterdam, The Netherlands, October 11-14, 2016, Proceedings, Part VI 14},
  pages={868--884},
  year={2016},
  organization={Springer}
}
@inproceedings{wu2017rgb,
  title={RGB-infrared cross-modality person re-identification},
  author={Wu, Ancong and Zheng, Wei-Shi and Yu, Hong-Xing and Gong, Shaogang and Lai, Jianhuang},
  booktitle={Proceedings of the IEEE international conference on computer vision},
  pages={5380--5389},
  year={2017}
}

@article{kingma2014adam,
  title={Adam: A method for stochastic optimization},
  author={Kingma, Diederik P},
  journal={arXiv preprint arXiv:1412.6980},
  year={2014}
}

@inproceedings{zhong2020random,
  title={Random erasing data augmentation},
  author={Zhong, Zhun and Zheng, Liang and Kang, Guoliang and Li, Shaozi and Yang, Yi},
  booktitle={Proceedings of the AAAI conference on artificial intelligence},
  volume={34},
  number={07},
  pages={13001--13008},
  year={2020}
}

# ！！！！！！！！！！！！！！
@inproceedings{zhuo2018occluded,
  title={Occluded person re-identification},
  author={Zhuo, Jiaxuan and Chen, Zeyu and Lai, Jianhuang and Wang, Guangcong},
  booktitle={2018 IEEE international conference on multimedia and expo (ICME)},
  pages={1--6},
  year={2018},
  organization={IEEE}
}

@article{alexey2020image,
  title={An image is worth 16x16 words: Transformers for image recognition at scale},
  author={Alexey, Dosovitskiy},
  journal={arXiv preprint arXiv: 2010.11929},
  year={2020}
}

@article{ge2018fd,
  title={Fd-gan: Pose-guided feature distilling gan for robust person re-identification},
  author={Ge, Yixiao and Li, Zhuowan and Zhao, Haiyu and Yin, Guojun and Yi, Shuai and Wang, Xiaogang and others},
  journal={Advances in neural information processing systems},
  volume={31},
  year={2018}
}
@inproceedings{zheng2017unlabeled,
  title={Unlabeled samples generated by gan improve the person re-identification baseline in vitro},
  author={Zheng, Zhedong and Zheng, Liang and Yang, Yi},
  booktitle={Proceedings of the IEEE international conference on computer vision},
  pages={3754--3762},
  year={2017}
}
@inproceedings{liu2018pose,
  title={Pose transferrable person re-identification},
  author={Liu, Jinxian and Ni, Bingbing and Yan, Yichao and Zhou, Peng and Cheng, Shuo and Hu, Jianguo},
  booktitle={Proceedings of the IEEE conference on computer vision and pattern recognition},
  pages={4099--4108},
  year={2018}
}



@inproceedings{huang2018adversarially,
  title={Adversarially Occluded Samples for Person Re-Identification},
  author={Huang, Houjing and Du, Xiang and He, Ran and Sun, Zhenan},
  booktitle={Proceedings of the IEEE Conference on Computer Vision and Pattern Recognition},
  pages={5098--5107},
  year={2018}
}
@inproceedings{zheng2019joint,
  title={Joint discriminative and generative learning for person re-identification},
  author={Zheng, Zhedong and Yang, Xiaodong and Yu, Zhiding and Zheng, Liang and Yang, Yi and Kautz, Jan},
  booktitle={proceedings of the IEEE/CVF conference on computer vision and pattern recognition},
  pages={2138--2147},
  year={2019}
}

@inproceedings{qian2018pose,
  title={Pose-normalized image generation for person re-identification},
  author={Qian, Xuelin and Fu, Yanwei and Xiang, Tao and Wang, Wenxuan and Qiu, Jie and Wu, Yang and Jiang, Yu-Gang and Xue, Xiangyang},
  booktitle={Proceedings of the European conference on computer vision (ECCV)},
  pages={650--667},
  year={2018}
}
@article{ho2020denoising,
  title={Denoising diffusion probabilistic models},
  author={Ho, Jonathan and Jain, Ajay and Abbeel, Pieter},
  journal={Advances in neural information processing systems},
  volume={33},
  pages={6840--6851},
  year={2020}
}
@inproceedings{zhong2017re,
  title={Re-ranking person re-identification with k-reciprocal encoding},
  author={Zhong, Zhun and Zheng, Liang and Cao, Donglin and Li, Shaozi},
  booktitle={Proceedings of the IEEE conference on computer vision and pattern recognition},
  pages={1318--1327},
  year={2017}
}

@inproceedings{zhang2023adding,
  title={Adding conditional control to text-to-image diffusion models},
  author={Zhang, Lvmin and Rao, Anyi and Agrawala, Maneesh},
  booktitle={Proceedings of the IEEE/CVF International Conference on Computer Vision},
  pages={3836--3847},
  year={2023}
}

@article{eom2019learning,
  title={Learning disentangled representation for robust person re-identification},
  author={Eom, Chanho and Ham, Bumsub},
  journal={Advances in neural information processing systems},
  volume={32},
  year={2019}
}

@article{goodfellow2014generative,
  title={Generative adversarial nets},
  author={Goodfellow, Ian and Pouget-Abadie, Jean and Mirza, Mehdi and Xu, Bing and Warde-Farley, David and Ozair, Sherjil and Courville, Aaron and Bengio, Yoshua},
  journal={Advances in neural information processing systems},
  volume={27},
  year={2014}
}

@article{zhong2018camstyle,
  title={Camstyle: A novel data augmentation method for person re-identification},
  author={Zhong, Zhun and Zheng, Liang and Zheng, Zhedong and Li, Shaozi and Yang, Yi},
  journal={IEEE Transactions on Image Processing},
  volume={28},
  number={3},
  pages={1176--1190},
  year={2018},
  publisher={IEEE}
}


@inproceedings{li2023clip,
  title={CLIP-ReID: exploiting vision-language model for image re-identification without concrete text labels},
  author={Li, Siyuan and Sun, Li and Li, Qingli},
  booktitle={Proceedings of the AAAI Conference on Artificial Intelligence},
  volume={37},
  number={1},
  pages={1405--1413},
  year={2023}
}

@inproceedings{somers2025keypoint,
  title={Keypoint Promptable Re-Identification},
  author={Somers, Vladimir and Alahi, Alexandre and Vleeschouwer, Christophe De},
  booktitle={European Conference on Computer Vision},
  pages={216--233},
  year={2025},
  organization={Springer}
}

@inproceedings{somers2023body,
  title={Body part-based representation learning for occluded person re-identification},
  author={Somers, Vladimir and De Vleeschouwer, Christophe and Alahi, Alexandre},
  booktitle={Proceedings of the IEEE/CVF winter conference on applications of computer vision},
  pages={1613--1623},
  year={2023}
}

@inproceedings{fang2023visible,
  title={Visible-infrared person re-identification via semantic alignment and affinity inference},
  author={Fang, Xingye and Yang, Yang and Fu, Ying},
  booktitle={Proceedings of the IEEE/CVF International Conference on Computer Vision},
  pages={11270--11279},
  year={2023}
}

@inproceedings{lu2023learning,
  title={Learning progressive modality-shared transformers for effective visible-infrared person re-identification},
  author={Lu, Hu and Zou, Xuezhang and Zhang, Pingping},
  booktitle={Proceedings of the AAAI conference on artificial intelligence},
  volume={37},
  number={2},
  pages={1835--1843},
  year={2023}
}

@inproceedings{dai2018cross,
  title={Cross-modality person re-identification with generative adversarial training.},
  author={Dai, Pingyang and Ji, Rongrong and Wang, Haibin and Wu, Qiong and Huang, Yuyu},
  booktitle={IJCAI},
  volume={1},
  number={3},
  pages={6},
  year={2018}
}

@inproceedings{huang2019sbsgan,
  title={SBSGAN: Suppression of inter-domain background shift for person re-identification},
  author={Huang, Yan and Wu, Qiang and Xu, JingSong and Zhong, Yi},
  booktitle={Proceedings of the IEEE/CVF International Conference on Computer Vision},
  pages={9527--9536},
  year={2019}
}

@article{pang2022cross,
  title={Cross-domain person re-identification by hybrid supervised and unsupervised learning},
  author={Pang, Zhiqi and Guo, Jifeng and Sun, Wenbo and Xiao, Yanbang and Yu, Ming},
  journal={Applied Intelligence},
  volume={52},
  number={3},
  pages={2987--3001},
  year={2022},
  publisher={Springer}
}

@inproceedings{siarohin2018deformable,
  title={Deformable gans for pose-based human image generation},
  author={Siarohin, Aliaksandr and Sangineto, Enver and Lathuiliere, St{\'e}phane and Sebe, Nicu},
  booktitle={Proceedings of the IEEE conference on computer vision and pattern recognition},
  pages={3408--3416},
  year={2018}
}
@inproceedings{hu2024animate,
  title={Animate anyone: Consistent and controllable image-to-video synthesis for character animation},
  author={Hu, Li},
  booktitle={Proceedings of the IEEE/CVF Conference on Computer Vision and Pattern Recognition},
  pages={8153--8163},
  year={2024}
}
@inproceedings{borgia2019gan,
  title={GAN-based pose-aware regulation for video-based person re-identification},
  author={Borgia, Alessandro and Hua, Yang and Kodirov, Elyor and Robertson, Neil},
  booktitle={2019 IEEE Winter Conference on Applications of Computer Vision (WACV)},
  pages={1175--1184},
  year={2019},
  organization={IEEE}
}

@article{zhang2020pac,
  title={PAC-GAN: An effective pose augmentation scheme for unsupervised cross-view person re-identification},
  author={Zhang, Chengyuan and Zhu, Lei and Zhang, ShiChao and Yu, Weiren},
  journal={Neurocomputing},
  volume={387},
  pages={22--39},
  year={2020},
  publisher={Elsevier}
}

@inproceedings{szegedy2016rethinking,
  title={Rethinking the inception architecture for computer vision},
  author={Szegedy, Christian and Vanhoucke, Vincent and Ioffe, Sergey and Shlens, Jon and Wojna, Zbigniew},
  booktitle={Proceedings of the IEEE conference on computer vision and pattern recognition},
  pages={2818--2826},
  year={2016}
}

@article{ainam2019sparse,
  title={Sparse label smoothing regularization for person re-identification},
  author={Ainam, Jean-Paul and Qin, Ke and Liu, Guisong and Luo, Guangchun},
  journal={IEEE Access},
  volume={7},
  pages={27899--27910},
  year={2019},
  publisher={IEEE}
}

@article{hussin2021stylegan,
  title={StyleGAN-LSRO method for person re-identification},
  author={Hussin, Saleh Hussin Salem and Yildirim, Remzi},
  journal={IEEE Access},
  volume={9},
  pages={13857--13869},
  year={2021},
  publisher={IEEE}
}

@inproceedings{mclaughlin2015data,
  title={Data-augmentation for reducing dataset bias in person re-identification},
  author={McLaughlin, Niall and Del Rincon, Jesus Martinez and Miller, Paul},
  booktitle={2015 12th IEEE International conference on advanced video and signal based surveillance (AVSS)},
  pages={1--6},
  year={2015},
  organization={IEEE}
}

@article{ma2019true,
  title={True-color and grayscale video person re-identification},
  author={Ma, Fei and Jing, Xiao-Yuan and Zhu, Xiao and Tang, Zhenmin and Peng, Zhiping},
  journal={IEEE Transactions on Information Forensics and Security},
  volume={15},
  pages={115--129},
  year={2019},
  publisher={IEEE}
}

@article{krizhevsky2012imagenet,
  title={Imagenet classification with deep convolutional neural networks},
  author={Krizhevsky, Alex and Sutskever, Ilya and Hinton, Geoffrey E},
  journal={Advances in neural information processing systems},
  volume={25},
  year={2012}
}

@inproceedings{hirzer2012relaxed,
  title={Relaxed pairwise learned metric for person re-identification},
  author={Hirzer, Martin and Roth, Peter M and K{\"o}stinger, Martin and Bischof, Horst},
  booktitle={Computer Vision--ECCV 2012: 12th European Conference on Computer Vision, Florence, Italy, October 7-13, 2012, Proceedings, Part VI 12},
  pages={780--793},
  year={2012},
  organization={Springer}
}

@inproceedings{liao2015efficient,
  title={Efficient psd constrained asymmetric metric learning for person re-identification},
  author={Liao, Shengcai and Li, Stan Z},
  booktitle={Proceedings of the IEEE international conference on computer vision},
  pages={3685--3693},
  year={2015}
}

@inproceedings{koestinger2012large,
  title={Large scale metric learning from equivalence constraints},
  author={Koestinger, Martin and Hirzer, Martin and Wohlhart, Paul and Roth, Peter M and Bischof, Horst},
  booktitle={2012 IEEE conference on computer vision and pattern recognition},
  pages={2288--2295},
  year={2012},
  organization={IEEE}
}

@inproceedings{zhang2023protohpe,
  title={ProtoHPE: Prototype-guided High-frequency Patch Enhancement for Visible-Infrared Person Re-identification},
  author={Zhang, Guiwei and Zhang, Yongfei and Tan, Zichang},
  booktitle={Proceedings of the 31st ACM International Conference on Multimedia},
  pages={944--954},
  year={2023}
}

@inproceedings{liao2020interpretable,
  title={Interpretable and generalizable person re-identification with query-adaptive convolution and temporal lifting},
  author={Liao, Shengcai and Shao, Ling},
  booktitle={Computer Vision--ECCV 2020: 16th European Conference, Glasgow, UK, August 23--28, 2020, Proceedings, Part XI 16},
  pages={456--474},
  year={2020},
  organization={Springer}
}

@inproceedings{layne2012person,
  title={Person re-identification by attributes.},
  author={Layne, Ryan and Hospedales, Timothy M and Gong, Shaogang and Mary, Q},
  booktitle={Bmvc},
  volume={2},
  number={3},
  pages={8},
  year={2012}
}

@inproceedings{bak2010person,
  title={Person re-identification using haar-based and dcd-based signature},
  author={Bak, S{\l}awomir and Corvee, Etienne and Bremond, Francois and Thonnat, Monique},
  booktitle={2010 7th IEEE international conference on advanced video and signal based surveillance},
  pages={1--8},
  year={2010},
  organization={IEEE}
}

@inproceedings{fu2021unsupervised,
  title={Unsupervised pre-training for person re-identification},
  author={Fu, Dengpan and Chen, Dongdong and Bao, Jianmin and Yang, Hao and Yuan, Lu and Zhang, Lei and Li, Houqiang and Chen, Dong},
  booktitle={Proceedings of the IEEE/CVF conference on computer vision and pattern recognition},
  pages={14750--14759},
  year={2021}
}

@article{yu2018unsupervised,
  title={Unsupervised person re-identification by deep asymmetric metric embedding},
  author={Yu, Hong-Xing and Wu, Ancong and Zheng, Wei-Shi},
  journal={IEEE transactions on pattern analysis and machine intelligence},
  volume={42},
  number={4},
  pages={956--973},
  year={2018},
  publisher={IEEE}
}

@article{hermans2017defense,
  title={In defense of the triplet loss for person re-identification},
  author={Hermans, Alexander and Beyer, Lucas and Leibe, Bastian},
  journal={arXiv preprint arXiv:1703.07737},
  year={2017}
}

@inproceedings{bhunia2023person,
  title={Person image synthesis via denoising diffusion model},
  author={Bhunia, Ankan Kumar and Khan, Salman and Cholakkal, Hisham and Anwer, Rao Muhammad and Laaksonen, Jorma and Shah, Mubarak and Khan, Fahad Shahbaz},
  booktitle={Proceedings of the IEEE/CVF Conference on Computer Vision and Pattern Recognition},
  pages={5968--5976},
  year={2023}
}

@inproceedings{sun2017svdnet,
  title={Svdnet for pedestrian retrieval},
  author={Sun, Yifan and Zheng, Liang and Deng, Weijian and Wang, Shengjin},
  booktitle={Proceedings of the IEEE international conference on computer vision},
  pages={3800--3808},
  year={2017}
}


# !!!!!!!!!!!!!!!!!!!! sotalabel

@inproceedings{luo2019bag,
  title={Bag of tricks and a strong baseline for deep person re-identification},
  author={Luo, Hao and Gu, Youzhi and Liao, Xingyu and Lai, Shenqi and Jiang, Wei},
  booktitle={Proceedings of the IEEE/CVF conference on computer vision and pattern recognition workshops},
  pages={0--0},
  year={2019}
}

@inproceedings{sun2018beyond,
  title={Beyond part models: Person retrieval with refined part pooling (and a strong convolutional baseline)},
  author={Sun, Yifan and Zheng, Liang and Yang, Yi and Tian, Qi and Wang, Shengjin},
  booktitle={Proceedings of the European conference on computer vision (ECCV)},
  pages={480--496},
  year={2018}
}

@inproceedings{yang2021learning,
  title={Learning to know where to see: A visibility-aware approach for occluded person re-identification},
  author={Yang, Jinrui and Zhang, Jiawei and Yu, Fufu and Jiang, Xinyang and Zhang, Mengdan and Sun, Xing and Chen, Ying-Cong and Zheng, Wei-Shi},
  booktitle={Proceedings of the IEEE/CVF international conference on computer vision},
  pages={11885--11894},
  year={2021}
}

@inproceedings{gao2020pose,
  title={Pose-guided visible part matching for occluded person reid},
  author={Gao, Shang and Wang, Jingya and Lu, Huchuan and Liu, Zimo},
  booktitle={Proceedings of the IEEE/CVF conference on computer vision and pattern recognition},
  pages={11744--11752},
  year={2020}
}

@inproceedings{wang2020high,
  title={High-order information matters: Learning relation and topology for occluded person re-identification},
  author={Wang, Guan'an and Yang, Shuo and Liu, Huanyu and Wang, Zhicheng and Yang, Yang and Wang, Shuliang and Yu, Gang and Zhou, Erjin and Sun, Jian},
  booktitle={Proceedings of the IEEE/CVF conference on computer vision and pattern recognition},
  pages={6449--6458},
  year={2020}
}

@inproceedings{zhu2020identity,
  title={Identity-guided human semantic parsing for person re-identification},
  author={Zhu, Kuan and Guo, Haiyun and Liu, Zhiwei and Tang, Ming and Wang, Jinqiao},
  booktitle={Computer Vision--ECCV 2020: 16th European Conference, Glasgow, UK, August 23--28, 2020, Proceedings, Part III 16},
  pages={346--363},
  year={2020},
  organization={Springer}
}

@inproceedings{li2021diverse,
  title={Diverse part discovery: Occluded person re-identification with part-aware transformer},
  author={Li, Yulin and He, Jianfeng and Zhang, Tianzhu and Liu, Xiang and Zhang, Yongdong and Wu, Feng},
  booktitle={Proceedings of the IEEE/CVF conference on computer vision and pattern recognition},
  pages={2898--2907},
  year={2021}
}


@inproceedings{chen2023beyond,
  title={Beyond appearance: a semantic controllable self-supervised learning framework for human-centric visual tasks},
  author={Chen, Weihua and Xu, Xianzhe and Jia, Jian and Luo, Hao and Wang, Yaohua and Wang, Fan and Jin, Rong and Sun, Xiuyu},
  booktitle={Proceedings of the IEEE/CVF conference on computer vision and pattern recognition},
  pages={15050--15061},
  year={2023}
}

@inproceedings{yan2021occluded,
  title={Occluded person re-identification with single-scale global representations},
  author={Yan, Cheng and Pang, Guansong and Jiao, Jile and Bai, Xiao and Feng, Xuetao and Shen, Chunhua},
  booktitle={Proceedings of the IEEE/CVF international conference on computer vision},
  pages={11875--11884},
  year={2021}
}

@inproceedings{wang2022feature,
  title={Feature erasing and diffusion network for occluded person re-identification},
  author={Wang, Zhikang and Zhu, Feng and Tang, Shixiang and Zhao, Rui and He, Lihuo and Song, Jiangning},
  booktitle={Proceedings of the IEEE/CVF conference on computer vision and pattern recognition},
  pages={4754--4763},
  year={2022}
}



@inproceedings{wang2022pose,
  title={Pose-guided feature disentangling for occluded person re-identification based on transformer},
  author={Wang, Tao and Liu, Hong and Song, Pinhao and Guo, Tianyu and Shi, Wei},
  booktitle={Proceedings of the AAAI conference on artificial intelligence},
  volume={36},
  number={3},
  pages={2540--2549},
  year={2022}
}

@inproceedings{hao2021cross,
  title={Cross-modality person re-identification via modality confusion and center aggregation},
  author={Hao, Xin and Zhao, Sanyuan and Ye, Mang and Shen, Jianbing},
  booktitle={Proceedings of the IEEE/CVF International Conference on Computer Vision},
  pages={16403--16412},
  year={2021}
}


@article{Liu2022LearningMU,
  title={Learning Memory-Augmented Unidirectional Metrics for Cross-modality Person Re-identification},
  author={Jialun Liu and Yifan Sun and Feng Zhu and Hongbin Pei and Yi Yang and Wenhui Li},
  journal={2022 IEEE/CVF Conference on Computer Vision and Pattern Recognition (CVPR)},
  year={2022},
  pages={19344-19353},
  url={https://api.semanticscholar.org/CorpusID:250520573}
}


@INPROCEEDINGS{CAL,
  author={Wu, Jianbing and Liu, Hong and Su, Yuxin and Shi, Wei and Tang, Hao},
  booktitle={2023 IEEE/CVF International Conference on Computer Vision (ICCV)}, 
  title={Learning Concordant Attention via Target-aware Alignment for Visible-Infrared Person Re-identification}, 
  year={2023},
  volume={},
  number={},
  pages={11088-11097}
}

@inproceedings{feng2023shape,
  title={Shape-erased feature learning for visible-infrared person re-identification},
  author={Feng, Jiawei and Wu, Ancong and Zheng, Wei-Shi},
  booktitle={Proceedings of the IEEE/CVF Conference on Computer Vision and Pattern Recognition},
  pages={22752--22761},
  year={2023}
}

@inproceedings{kim2023partmix,
  title={PartMix: Regularization Strategy to Learn Part Discovery for Visible-Infrared Person Re-identification},
  author={Kim, Minsu and Kim, Seungryong and Park, Jungin and Park, Seongheon and Sohn, Kwanghoon},
  booktitle={Proceedings of the IEEE/CVF Conference on Computer Vision and Pattern Recognition},
  pages={18621--18632},
  year={2023}
}
@inproceedings{Huang2022ModalityAdaptiveMA,
  title={Modality-Adaptive Mixup and Invariant Decomposition for RGB-Infrared Person Re-Identification},
  author={Zhipeng Huang and Jiawei Liu and Liang Li and Kecheng Zheng and Zhengjun Zha},
  booktitle={AAAI Conference on Artificial Intelligence},
  year={2022},
  url={https://api.semanticscholar.org/CorpusID:247223062}
}

@inproceedings{zhang2022fmcnet,
  title={Fmcnet: Feature-level modality compensation for visible-infrared person re-identification},
  author={Zhang, Qiang and Lai, Changzhou and Liu, Jianan and Huang, Nianchang and Han, Jungong},
  booktitle={Proceedings of the IEEE/CVF Conference on Computer Vision and Pattern Recognition},
  pages={7349--7358},
  year={2022}
}
@inproceedings{wu2021discover,
  title={Discover cross-modality nuances for visible-infrared person re-identification},
  author={Wu, Qiong and Dai, Pingyang and Chen, Jie and Lin, Chia-Wen and Wu, Yongjian and Huang, Feiyue and Zhong, Bineng and Ji, Rongrong},
  booktitle={Proceedings of the IEEE/CVF conference on computer vision and pattern recognition},
  pages={4330--4339},
  year={2021}
}

@inproceedings{jiang2022cross,
  title={Cross-Modality Transformer for Visible-Infrared Person Re-Identification},
  author={Jiang, Kongzhu and Zhang, Tianzhu and Liu, Xiang and Qian, Bingqiao and Zhang, Yongdong and Wu, Feng},
  booktitle={European Conference on Computer Vision},
  pages={480--496},
  year={2022},
  organization={Springer}
}


@inproceedings{yu2023modality,
  title={Modality unifying network for visible-infrared person re-identification},
  author={Yu, Hao and Cheng, Xu and Peng, Wei and Liu, Weihao and Zhao, Guoying},
  booktitle={Proceedings of the IEEE/CVF International Conference on Computer Vision},
  pages={11185--11195},
  year={2023}
}
@inproceedings{zhang2022modality,
  title={Modality Synergy Complement Learning with Cascaded Aggregation for Visible-Infrared Person Re-Identification},
  author={Zhang, Yiyuan and Zhao, Sanyuan and Kang, Yuhao and Shen, Jianbing},
  booktitle={European Conference on Computer Vision},
  pages={462--479},
  year={2022},
  organization={Springer}
}
@inproceedings{zhang2023diverse,
  title={Diverse embedding expansion network and low-light cross-modality benchmark for visible-infrared person re-identification},
  author={Zhang, Yukang and Wang, Hanzi},
  booktitle={Proceedings of the IEEE/CVF conference on computer vision and pattern recognition},
  pages={2153--2162},
  year={2023}
}
@inproceedings{li2022counterfactual,
  title={Counterfactual intervention feature transfer for visible-infrared person re-identification},
  author={Li, Xulin and Lu, Yan and Liu, Bin and Liu, Yating and Yin, Guojun and Chu, Qi and Huang, Jinyang and Zhu, Feng and Zhao, Rui and Yu, Nenghai},
  booktitle={European conference on computer vision},
  pages={381--398},
  year={2022},
  organization={Springer}
}