% Use this file for citations not found in the ACL Anthology (contained in "anthology.bib").

@misc{liu2024enhancingmultistepreasoningabilities,
      title={{Enhancing Multi-Step Reasoning Abilities of Language Models through Direct Q-Function Optimization}}, 
      author={Guanlin Liu and Kaixuan Ji and Renjie Zheng and Zheng Wu and Chen Dun and Quanquan Gu and Lin Yan},
      year={2024},
      eprint={2410.09302},
      archivePrefix={arXiv},
      primaryClass={cs.LG},
      url={https://arxiv.org/abs/2410.09302}, 
}

@misc{wang2024offlinereinforcementlearningllm,
      title={{Offline Reinforcement Learning for LLM Multi-Step Reasoning}}, 
      author={Huaijie Wang and Shibo Hao and Hanze Dong and Shenao Zhang and Yilin Bao and Ziran Yang and Yi Wu},
      year={2024},
      eprint={2412.16145},
      archivePrefix={arXiv},
      primaryClass={cs.LG},
      url={https://arxiv.org/abs/2412.16145}, 
}

@misc{shao2024deepseekmathpushinglimitsmathematical,
      title={{DeepSeekMath: Pushing the Limits of Mathematical Reasoning in Open Language Models}}, 
      author={Zhihong Shao and Peiyi Wang and Qihao Zhu and Runxin Xu and Junxiao Song and Xiao Bi and Haowei Zhang and Mingchuan Zhang and Y. K. Li and Y. Wu and Daya Guo},
      year={2024},
      eprint={2402.03300},
      archivePrefix={arXiv},
      primaryClass={cs.CL},
      url={https://arxiv.org/abs/2402.03300}, 
}

@article{deepseekr1,
  author    = {{DeepSeek-AI and others}},
  title     = {DeepSeek-R1: Incentivizing Reasoning Capability in LLMs via Reinforcement Learning},
  journal   = {arXiv preprint arXiv:2501.12948},
  year      = {2025},
  doi       = {10.48550/arXiv.2501.12948},
  url       = {https://arxiv.org/abs/2501.12948},
  eprint={2501.12948},
  archivePrefix={arXiv},
  primaryClass={cs.LG}
}

@article{rafailov2023direct,
  title={{Direct Preference Optimization: Your Language Model is Secretly a Reward Model}},
  author={Rafael Rafailov and Archit Sharma and Eric Mitchell and Stefano Ermon and Christopher D. Manning and Chelsea Finn},
  journal={arXiv preprint arXiv:2305.18290},
  year={2023},
  eprint={2305.18290},
  archivePrefix={arXiv},
  primaryClass={cs.LG}
}

@misc{azar2023generaltheoreticalparadigmunderstand,
      title={{A General Theoretical Paradigm to Understand Learning from Human Preferences}}, 
      author={Mohammad Gheshlaghi Azar and Mark Rowland and Bilal Piot and Daniel Guo and Daniele Calandriello and Michal Valko and RÃ©mi Munos},
      year={2023},
      eprint={2310.12036},
      archivePrefix={arXiv},
      primaryClass={cs.AI},
      url={https://arxiv.org/abs/2310.12036}, 
}

@misc{ethayarajh2024ktomodelalignmentprospect,
      title={{KTO: Model Alignment as Prospect Theoretic Optimization}}, 
      author={Kawin Ethayarajh and Winnie Xu and Niklas Muennighoff and Dan Jurafsky and Douwe Kiela},
      year={2024},
      eprint={2402.01306},
      archivePrefix={arXiv},
      primaryClass={cs.LG},
      url={https://arxiv.org/abs/2402.01306}, 
}

@misc{meng2024simposimplepreferenceoptimization,
      title={{SimPO: Simple Preference Optimization with a Reference-Free Reward}}, 
      author={Yu Meng and Mengzhou Xia and Danqi Chen},
      year={2024},
      eprint={2405.14734},
      archivePrefix={arXiv},
      primaryClass={cs.CL},
      url={https://arxiv.org/abs/2405.14734}, 
}

@misc{lanchantin2025diversepreferenceoptimization,
      title={{Diverse Preference Optimization}}, 
      author={Jack Lanchantin and Angelica Chen and Shehzaad Dhuliawala and Ping Yu and Jason Weston and Sainbayar Sukhbaatar and Ilia Kulikov},
      year={2025},
      eprint={2501.18101},
      archivePrefix={arXiv},
      primaryClass={cs.CL},
      url={https://arxiv.org/abs/2501.18101}, 
}

@misc{wu2024cofcastepwisecounterfactualmultihop,
      title={{CofCA: A Step-Wise Counterfactual Multi-hop QA benchmark}}, 
      author={Jian Wu and Linyi Yang and Zhen Wang and Manabu Okumura and Yue Zhang},
      year={2024},
      eprint={2402.11924},
      archivePrefix={arXiv},
      primaryClass={cs.CL},
      url={https://arxiv.org/abs/2402.11924}, 
}

@misc{ouyang2022traininglanguagemodelsfollow,
      title={{Training language models to follow instructions with human feedback}}, 
      author={Long Ouyang and Jeff Wu and Xu Jiang and Diogo Almeida and Carroll L. Wainwright and Pamela Mishkin and Chong Zhang and Sandhini Agarwal and Katarina Slama and Alex Ray and John Schulman and Jacob Hilton and Fraser Kelton and Luke Miller and Maddie Simens and Amanda Askell and Peter Welinder and Paul Christiano and Jan Leike and Ryan Lowe},
      year={2022},
      eprint={2203.02155},
      archivePrefix={arXiv},
      primaryClass={cs.CL},
      url={https://arxiv.org/abs/2203.02155}, 
}

@misc{bai2022constitutionalaiharmlessnessai,
      title={{Constitutional AI: Harmlessness from AI Feedback}}, 
      author={Yuntao Bai and Saurav Kadavath and Sandipan Kundu and Amanda Askell and Jackson Kernion and Andy Jones and Anna Chen and Anna Goldie and Azalia Mirhoseini and Cameron McKinnon and Carol Chen and Catherine Olsson and Christopher Olah and Danny Hernandez and Dawn Drain and Deep Ganguli and Dustin Li and Eli Tran-Johnson and Ethan Perez and Jamie Kerr and Jared Mueller and Jeffrey Ladish and Joshua Landau and Kamal Ndousse and Kamile Lukosuite and Liane Lovitt and Michael Sellitto and Nelson Elhage and Nicholas Schiefer and Noemi Mercado and Nova DasSarma and Robert Lasenby and Robin Larson and Sam Ringer and Scott Johnston and Shauna Kravec and Sheer El Showk and Stanislav Fort and Tamera Lanham and Timothy Telleen-Lawton and Tom Conerly and Tom Henighan and Tristan Hume and Samuel R. Bowman and Zac Hatfield-Dodds and Ben Mann and Dario Amodei and Nicholas Joseph and Sam McCandlish and Tom Brown and Jared Kaplan},
      year={2022},
      eprint={2212.08073},
      archivePrefix={arXiv},
      primaryClass={cs.CL},
      url={https://arxiv.org/abs/2212.08073}, 
}

@misc{zelikman2022starbootstrappingreasoningreasoning,
      title={{STaR: Bootstrapping Reasoning With Reasoning}}, 
      author={Eric Zelikman and Yuhuai Wu and Jesse Mu and Noah D. Goodman},
      year={2022},
      eprint={2203.14465},
      archivePrefix={arXiv},
      primaryClass={cs.LG},
      url={https://arxiv.org/abs/2203.14465}, 
}

@misc{singh2024humandatascalingselftraining,
      title={{Beyond Human Data: Scaling Self-Training for Problem-Solving with Language Models}}, 
      author={Avi Singh and John D. Co-Reyes and Rishabh Agarwal and Ankesh Anand and Piyush Patil and Xavier Garcia and Peter J. Liu and James Harrison and Jaehoon Lee and Kelvin Xu and Aaron Parisi and Abhishek Kumar and Alex Alemi and Alex Rizkowsky and Azade Nova and Ben Adlam and Bernd Bohnet and Gamaleldin Elsayed and Hanie Sedghi and Igor Mordatch and Isabelle Simpson and Izzeddin Gur and Jasper Snoek and Jeffrey Pennington and Jiri Hron and Kathleen Kenealy and Kevin Swersky and Kshiteej Mahajan and Laura Culp and Lechao Xiao and Maxwell L. Bileschi and Noah Constant and Roman Novak and Rosanne Liu and Tris Warkentin and Yundi Qian and Yamini Bansal and Ethan Dyer and Behnam Neyshabur and Jascha Sohl-Dickstein and Noah Fiedel},
      year={2024},
      eprint={2312.06585},
      archivePrefix={arXiv},
      primaryClass={cs.LG},
      url={https://arxiv.org/abs/2312.06585}, 
}


@misc{gulcehre2023reinforcedselftrainingrestlanguage,
      title={{Reinforced Self-Training (ReST) for Language Modeling}}, 
      author={Caglar Gulcehre and Tom Le Paine and Srivatsan Srinivasan and Ksenia Konyushkova and Lotte Weerts and Abhishek Sharma and Aditya Siddhant and Alex Ahern and Miaosen Wang and Chenjie Gu and Wolfgang Macherey and Arnaud Doucet and Orhan Firat and Nando de Freitas},
      year={2023},
      eprint={2308.08998},
      archivePrefix={arXiv},
      primaryClass={cs.CL},
      url={https://arxiv.org/abs/2308.08998}, 
}

@misc{schulman2017proximalpolicyoptimizationalgorithms,
      title={{Proximal Policy Optimization Algorithms}}, 
      author={John Schulman and Filip Wolski and Prafulla Dhariwal and Alec Radford and Oleg Klimov},
      year={2017},
      eprint={1707.06347},
      archivePrefix={arXiv},
      primaryClass={cs.LG},
      url={https://arxiv.org/abs/1707.06347}, 
}

@misc{christiano2017rlhf,
      title={{Deep reinforcement learning from human preferences}}, 
      author={Paul Christiano and Jan Leike and Tom B. Brown and Miljan Martic and Shane Legg and Dario Amodei},
      year={2023},
      eprint={1706.03741},
      archivePrefix={arXiv},
      primaryClass={stat.ML},
      url={https://arxiv.org/abs/1706.03741}, 
}

@misc{yuan2023scalingrelationshiplearningmathematical,
      title={{Scaling Relationship on Learning Mathematical Reasoning with Large Language Models}}, 
      author={Zheng Yuan and Hongyi Yuan and Chengpeng Li and Guanting Dong and Keming Lu and Chuanqi Tan and Chang Zhou and Jingren Zhou},
      year={2023},
      eprint={2308.01825},
      archivePrefix={arXiv},
      primaryClass={cs.CL},
      url={https://arxiv.org/abs/2308.01825}, 
}

@misc{yang2018hotpotqadatasetdiverseexplainable,
      title={{HotpotQA: A Dataset for Diverse, Explainable Multi-hop Question Answering}}, 
      author={Zhilin Yang and Peng Qi and Saizheng Zhang and Yoshua Bengio and William W. Cohen and Ruslan Salakhutdinov and Christopher D. Manning},
      year={2018},
      eprint={1809.09600},
      archivePrefix={arXiv},
      primaryClass={cs.CL},
      url={https://arxiv.org/abs/1809.09600}, 
}


@misc{trivedi2022musiquemultihopquestionssinglehop,
      title={{MuSiQue: Multihop Questions via Single-hop Question Composition}}, 
      author={Harsh Trivedi and Niranjan Balasubramanian and Tushar Khot and Ashish Sabharwal},
      year={2022},
      eprint={2108.00573},
      archivePrefix={arXiv},
      primaryClass={cs.CL},
      url={https://arxiv.org/abs/2108.00573}, 
}

@misc{qi2021answeringopendomainquestionsvarying,
      title={{Answering Open-Domain Questions of Varying Reasoning Steps from Text}}, 
      author={Peng Qi and Haejun Lee and Oghenetegiri "TG" Sido and Christopher D. Manning},
      year={2021},
      eprint={2010.12527},
      archivePrefix={arXiv},
      primaryClass={cs.CL},
      url={https://arxiv.org/abs/2010.12527}, 
}


@misc{lee2024geckoversatiletextembeddings,
      title={{Gecko: Versatile Text Embeddings Distilled from Large Language Models}}, 
      author={Jinhyuk Lee and Zhuyun Dai and Xiaoqi Ren and Blair Chen and Daniel Cer and Jeremy R. Cole and Kai Hui and Michael Boratko and Rajvi Kapadia and Wen Ding and Yi Luan and Sai Meher Karthik Duddu and Gustavo Hernandez Abrego and Weiqiang Shi and Nithi Gupta and Aditya Kusupati and Prateek Jain and Siddhartha Reddy Jonnalagadda and Ming-Wei Chang and Iftekhar Naim},
      year={2024},
      eprint={2403.20327},
      archivePrefix={arXiv},
      primaryClass={cs.CL},
      url={https://arxiv.org/abs/2403.20327}, 
}

@misc{gemma2024gemmaopenmodelsbased,
      title={{Gemma: Open Models Based on Gemini Research and Technology}}, 
      author={{Gemma Team} and Thomas Mesnard and Cassidy Hardin and Robert Dadashi and Surya Bhupatiraju and Shreya Pathak and Laurent Sifre and Morgane RiviÃ¨re and Mihir Sanjay Kale and Juliette Love and Pouya Tafti and LÃ©onard Hussenot and Pier Giuseppe Sessa and Aakanksha Chowdhery and Adam Roberts and Aditya Barua and Alex Botev and Alex Castro-Ros and Ambrose Slone and AmÃ©lie HÃ©liou and Andrea Tacchetti and Anna Bulanova and Antonia Paterson and Beth Tsai and Bobak Shahriari and Charline Le Lan and Christopher A. Choquette-Choo and ClÃ©ment Crepy and Daniel Cer and Daphne Ippolito and David Reid and Elena Buchatskaya and Eric Ni and Eric Noland and Geng Yan and George Tucker and George-Christian Muraru and Grigory Rozhdestvenskiy and Henryk Michalewski and Ian Tenney and Ivan Grishchenko and Jacob Austin and James Keeling and Jane Labanowski and Jean-Baptiste Lespiau and Jeff Stanway and Jenny Brennan and Jeremy Chen and Johan Ferret and Justin Chiu and Justin Mao-Jones and Katherine Lee and Kathy Yu and Katie Millican and Lars Lowe Sjoesund and Lisa Lee and Lucas Dixon and Machel Reid and Maciej MikuÅa and Mateo Wirth and Michael Sharman and Nikolai Chinaev and Nithum Thain and Olivier Bachem and Oscar Chang and Oscar Wahltinez and Paige Bailey and Paul Michel and Petko Yotov and Rahma Chaabouni and Ramona Comanescu and Reena Jana and Rohan Anil and Ross McIlroy and Ruibo Liu and Ryan Mullins and Samuel L Smith and Sebastian Borgeaud and Sertan Girgin and Sholto Douglas and Shree Pandya and Siamak Shakeri and Soham De and Ted Klimenko and Tom Hennigan and Vlad Feinberg and Wojciech Stokowiec and Yu-hui Chen and Zafarali Ahmed and Zhitao Gong and Tris Warkentin and Ludovic Peran and Minh Giang and ClÃ©ment Farabet and Oriol Vinyals and Jeff Dean and Koray Kavukcuoglu and Demis Hassabis and Zoubin Ghahramani and Douglas Eck and Joelle Barral and Fernando Pereira and Eli Collins and Armand Joulin and Noah Fiedel and Evan Senter and Alek Andreev and Kathleen Kenealy},
      year={2024},
      eprint={2403.08295},
      archivePrefix={arXiv},
      primaryClass={cs.CL},
      url={https://arxiv.org/abs/2403.08295}, 
}

@misc{gemma2024gemma2improvingopen,
      title={{Gemma 2: Improving Open Language Models at a Practical Size}}, 
      author={{Gemma Team} and Morgane Riviere and Shreya Pathak and Pier Giuseppe Sessa and Cassidy Hardin and Surya Bhupatiraju and LÃ©onard Hussenot and Thomas Mesnard and Bobak Shahriari and Alexandre RamÃ© and Johan Ferret and Peter Liu and Pouya Tafti and Abe Friesen and Michelle Casbon and Sabela Ramos and Ravin Kumar and Charline Le Lan and Sammy Jerome and Anton Tsitsulin and Nino Vieillard and Piotr Stanczyk and Sertan Girgin and Nikola Momchev and Matt Hoffman and Shantanu Thakoor and Jean-Bastien Grill and Behnam Neyshabur and Olivier Bachem and Alanna Walton and Aliaksei Severyn and Alicia Parrish and Aliya Ahmad and Allen Hutchison and Alvin Abdagic and Amanda Carl and Amy Shen and Andy Brock and Andy Coenen and Anthony Laforge and Antonia Paterson and Ben Bastian and Bilal Piot and Bo Wu and Brandon Royal and Charlie Chen and Chintu Kumar and Chris Perry and Chris Welty and Christopher A. Choquette-Choo and Danila Sinopalnikov and David Weinberger and Dimple Vijaykumar and Dominika RogoziÅska and Dustin Herbison and Elisa Bandy and Emma Wang and Eric Noland and Erica Moreira and Evan Senter and Evgenii Eltyshev and Francesco Visin and Gabriel Rasskin and Gary Wei and Glenn Cameron and Gus Martins and Hadi Hashemi and Hanna Klimczak-PluciÅska and Harleen Batra and Harsh Dhand and Ivan Nardini and Jacinda Mein and Jack Zhou and James Svensson and Jeff Stanway and Jetha Chan and Jin Peng Zhou and Joana Carrasqueira and Joana Iljazi and Jocelyn Becker and Joe Fernandez and Joost van Amersfoort and Josh Gordon and Josh Lipschultz and Josh Newlan and Ju-yeong Ji and Kareem Mohamed and Kartikeya Badola and Kat Black and Katie Millican and Keelin McDonell and Kelvin Nguyen and Kiranbir Sodhia and Kish Greene and Lars Lowe Sjoesund and Lauren Usui and Laurent Sifre and Lena Heuermann and Leticia Lago and Lilly McNealus and Livio Baldini Soares and Logan Kilpatrick and Lucas Dixon and Luciano Martins and Machel Reid and Manvinder Singh and Mark Iverson and Martin GÃ¶rner and Mat Velloso and Mateo Wirth and Matt Davidow and Matt Miller and Matthew Rahtz and Matthew Watson and Meg Risdal and Mehran Kazemi and Michael Moynihan and Ming Zhang and Minsuk Kahng and Minwoo Park and Mofi Rahman and Mohit Khatwani and Natalie Dao and Nenshad Bardoliwalla and Nesh Devanathan and Neta Dumai and Nilay Chauhan and Oscar Wahltinez and Pankil Botarda and Parker Barnes and Paul Barham and Paul Michel and Pengchong Jin and Petko Georgiev and Phil Culliton and Pradeep Kuppala and Ramona Comanescu and Ramona Merhej and Reena Jana and Reza Ardeshir Rokni and Rishabh Agarwal and Ryan Mullins and Samaneh Saadat and Sara Mc Carthy and Sarah Cogan and Sarah Perrin and SÃ©bastien M. R. Arnold and Sebastian Krause and Shengyang Dai and Shruti Garg and Shruti Sheth and Sue Ronstrom and Susan Chan and Timothy Jordan and Ting Yu and Tom Eccles and Tom Hennigan and Tomas Kocisky and Tulsee Doshi and Vihan Jain and Vikas Yadav and Vilobh Meshram and Vishal Dharmadhikari and Warren Barkley and Wei Wei and Wenming Ye and Woohyun Han and Woosuk Kwon and Xiang Xu and Zhe Shen and Zhitao Gong and Zichuan Wei and Victor Cotruta and Phoebe Kirk and Anand Rao and Minh Giang and Ludovic Peran and Tris Warkentin and Eli Collins and Joelle Barral and Zoubin Ghahramani and Raia Hadsell and D. Sculley and Jeanine Banks and Anca Dragan and Slav Petrov and Oriol Vinyals and Jeff Dean and Demis Hassabis and Koray Kavukcuoglu and Clement Farabet and Elena Buchatskaya and Sebastian Borgeaud and Noah Fiedel and Armand Joulin and Kathleen Kenealy and Robert Dadashi and Alek Andreev},
      year={2024},
      eprint={2408.00118},
      archivePrefix={arXiv},
      primaryClass={cs.CL},
      url={https://arxiv.org/abs/2408.00118}, 
}

@misc{uesato2022solvingmathwordproblems,
      title={{Solving math word problems with process- and outcome-based feedback}}, 
      author={Jonathan Uesato and Nate Kushman and Ramana Kumar and Francis Song and Noah Siegel and Lisa Wang and Antonia Creswell and Geoffrey Irving and Irina Higgins},
      year={2022},
      eprint={2211.14275},
      archivePrefix={arXiv},
      primaryClass={cs.LG},
      url={https://arxiv.org/abs/2211.14275}, 
}


@misc{lightman2023letsverifystepstep,
      title={{Let's Verify Step by Step}}, 
      author={Hunter Lightman and Vineet Kosaraju and Yura Burda and Harri Edwards and Bowen Baker and Teddy Lee and Jan Leike and John Schulman and Ilya Sutskever and Karl Cobbe},
      year={2023},
      eprint={2305.20050},
      archivePrefix={arXiv},
      primaryClass={cs.LG},
      url={https://arxiv.org/abs/2305.20050}, 
}

@misc{gsm8k2021,
      title={{Training Verifiers to Solve Math Word Problems}}, 
      author={Karl Cobbe and Vineet Kosaraju and Mohammad Bavarian and Mark Chen and Heewoo Jun and Lukasz Kaiser and Matthias Plappert and Jerry Tworek and Jacob Hilton and Reiichiro Nakano and Christopher Hesse and John Schulman},
      year={2021},
      eprint={2110.14168},
      archivePrefix={arXiv},
      primaryClass={cs.LG},
      url={https://arxiv.org/abs/2110.14168}, 
}

@misc{geminiteam2024gemini15,
      title={{Gemini 1.5: Unlocking multimodal understanding across millions of tokens of context}}, 
      author={{Gemini Team} and Petko Georgiev and Ving Ian Lei and Ryan Burnell and Libin Bai and Anmol Gulati and Garrett Tanzer and Damien Vincent and Zhufeng Pan and Shibo Wang and Soroosh Mariooryad and Yifan Ding and Xinyang Geng and Fred Alcober and Roy Frostig and Mark Omernick and Lexi Walker and Cosmin Paduraru and Christina Sorokin and Andrea Tacchetti and Colin Gaffney and Samira Daruki and Olcan Sercinoglu and Zach Gleicher and Juliette Love and Paul Voigtlaender and Rohan Jain and Gabriela Surita and Kareem Mohamed and Rory Blevins and Junwhan Ahn and Tao Zhu and Kornraphop Kawintiranon and Orhan Firat and Yiming Gu and Yujing Zhang and Matthew Rahtz and Manaal Faruqui and Natalie Clay and Justin Gilmer and JD Co-Reyes and Ivo Penchev and Rui Zhu and Nobuyuki Morioka and Kevin Hui and Krishna Haridasan and Victor Campos and Mahdis Mahdieh and Mandy Guo and Samer Hassan and Kevin Kilgour and Arpi Vezer and Heng-Tze Cheng and Raoul de Liedekerke and Siddharth Goyal and Paul Barham and DJ Strouse and Seb Noury and Jonas Adler and Mukund Sundararajan and Sharad Vikram and Dmitry Lepikhin and Michela Paganini and Xavier Garcia and Fan Yang and Dasha Valter and Maja Trebacz and Kiran Vodrahalli and Chulayuth Asawaroengchai and Roman Ring and Norbert Kalb and Livio Baldini Soares and Siddhartha Brahma and David Steiner and Tianhe Yu and Fabian Mentzer and Antoine He and Lucas Gonzalez and Bibo Xu and Raphael Lopez Kaufman and Laurent El Shafey and Junhyuk Oh and Tom Hennigan and George van den Driessche and Seth Odoom and Mario Lucic and Becca Roelofs and Sid Lall and Amit Marathe and Betty Chan and Santiago Ontanon and Luheng He and Denis Teplyashin and Jonathan Lai and Phil Crone and Bogdan Damoc and Lewis Ho and Sebastian Riedel and Karel Lenc and Chih-Kuan Yeh and Aakanksha Chowdhery and Yang Xu and Mehran Kazemi and Ehsan Amid and Anastasia Petrushkina and Kevin Swersky and Ali Khodaei and Gowoon Chen and Chris Larkin and Mario Pinto and Geng Yan and Adria Puigdomenech Badia and Piyush Patil and Steven Hansen and Dave Orr and Sebastien M. R. Arnold and Jordan Grimstad and Andrew Dai and Sholto Douglas and Rishika Sinha and Vikas Yadav and Xi Chen and Elena Gribovskaya and Jacob Austin and Jeffrey Zhao and Kaushal Patel and Paul Komarek and Sophia Austin and Sebastian Borgeaud and Linda Friso and Abhimanyu Goyal and Ben Caine and Kris Cao and Da-Woon Chung and Matthew Lamm and Gabe Barth-Maron and Thais Kagohara and Kate Olszewska and Mia Chen and Kaushik Shivakumar and Rishabh Agarwal and Harshal Godhia and Ravi Rajwar and Javier Snaider and Xerxes Dotiwalla and Yuan Liu and Aditya Barua and Victor Ungureanu and Yuan Zhang and Bat-Orgil Batsaikhan and Mateo Wirth and James Qin and Ivo Danihelka and Tulsee Doshi and Martin Chadwick and Jilin Chen and Sanil Jain and Quoc Le and Arjun Kar and Madhu Gurumurthy and Cheng Li and Ruoxin Sang and Fangyu Liu and Lampros Lamprou and Rich Munoz and Nathan Lintz and Harsh Mehta and Heidi Howard and Malcolm Reynolds and Lora Aroyo and Quan Wang and Lorenzo Blanco and Albin Cassirer and Jordan Griffith and Dipanjan Das and Stephan Lee and Jakub Sygnowski and Zach Fisher and James Besley and Richard Powell and Zafarali Ahmed and Dominik Paulus and David Reitter and Zalan Borsos and Rishabh Joshi and Aedan Pope and Steven Hand and Vittorio Selo and Vihan Jain and Nikhil Sethi and Megha Goel and Takaki Makino and Rhys May and Zhen Yang and Johan Schalkwyk and Christina Butterfield and Anja Hauth and Alex Goldin and Will Hawkins and Evan Senter and Sergey Brin and Oliver Woodman and Marvin Ritter and Eric Noland and Minh Giang and Vijay Bolina and Lisa Lee and Tim Blyth and Ian Mackinnon and Machel Reid and Obaid Sarvana and David Silver and Alexander Chen and Lily Wang and Loren Maggiore and Oscar Chang and Nithya Attaluri and Gregory Thornton and Chung-Cheng Chiu and Oskar Bunyan and Nir Levine and Timothy Chung and Evgenii Eltyshev and Xiance Si and Timothy Lillicrap and Demetra Brady and Vaibhav Aggarwal and Boxi Wu and Yuanzhong Xu and Ross McIlroy and Kartikeya Badola and Paramjit Sandhu and Erica Moreira and Wojciech Stokowiec and Ross Hemsley and Dong Li and Alex Tudor and Pranav Shyam and Elahe Rahimtoroghi and Salem Haykal and Pablo Sprechmann and Xiang Zhou and Diana Mincu and Yujia Li and Ravi Addanki and Kalpesh Krishna and Xiao Wu and Alexandre Frechette and Matan Eyal and Allan Dafoe and Dave Lacey and Jay Whang and Thi Avrahami and Ye Zhang and Emanuel Taropa and Hanzhao Lin and Daniel Toyama and Eliza Rutherford and Motoki Sano and HyunJeong Choe and Alex Tomala and Chalence Safranek-Shrader and Nora Kassner and Mantas Pajarskas and Matt Harvey and Sean Sechrist and Meire Fortunato and Christina Lyu and Gamaleldin Elsayed and Chenkai Kuang and James Lottes and Eric Chu and Chao Jia and Chih-Wei Chen and Peter Humphreys and Kate Baumli and Connie Tao and Rajkumar Samuel and Cicero Nogueira dos Santos and Anders Andreassen and Nemanja RakiÄeviÄ and Dominik Grewe and Aviral Kumar and Stephanie Winkler and Jonathan Caton and Andrew Brock and Sid Dalmia and Hannah Sheahan and Iain Barr and Yingjie Miao and Paul Natsev and Jacob Devlin and Feryal Behbahani and Flavien Prost and Yanhua Sun and Artiom Myaskovsky and Thanumalayan Sankaranarayana Pillai and Dan Hurt and Angeliki Lazaridou and Xi Xiong and Ce Zheng and Fabio Pardo and Xiaowei Li and Dan Horgan and Joe Stanton and Moran Ambar and Fei Xia and Alejandro Lince and Mingqiu Wang and Basil Mustafa and Albert Webson and Hyo Lee and Rohan Anil and Martin Wicke and Timothy Dozat and Abhishek Sinha and Enrique Piqueras and Elahe Dabir and Shyam Upadhyay and Anudhyan Boral and Lisa Anne Hendricks and Corey Fry and Josip Djolonga and Yi Su and Jake Walker and Jane Labanowski and Ronny Huang and Vedant Misra and Jeremy Chen and RJ Skerry-Ryan and Avi Singh and Shruti Rijhwani and Dian Yu and Alex Castro-Ros and Beer Changpinyo and Romina Datta and Sumit Bagri and Arnar Mar Hrafnkelsson and Marcello Maggioni and Daniel Zheng and Yury Sulsky and Shaobo Hou and Tom Le Paine and Antoine Yang and Jason Riesa and Dominika Rogozinska and Dror Marcus and Dalia El Badawy and Qiao Zhang and Luyu Wang and Helen Miller and Jeremy Greer and Lars Lowe Sjos and Azade Nova and Heiga Zen and Rahma Chaabouni and Mihaela Rosca and Jiepu Jiang and Charlie Chen and Ruibo Liu and Tara Sainath and Maxim Krikun and Alex Polozov and Jean-Baptiste Lespiau and Josh Newlan and Zeyncep Cankara and Soo Kwak and Yunhan Xu and Phil Chen and Andy Coenen and Clemens Meyer and Katerina Tsihlas and Ada Ma and Juraj Gottweis and Jinwei Xing and Chenjie Gu and Jin Miao and Christian Frank and Zeynep Cankara and Sanjay Ganapathy and Ishita Dasgupta and Steph Hughes-Fitt and Heng Chen and David Reid and Keran Rong and Hongmin Fan and Joost van Amersfoort and Vincent Zhuang and Aaron Cohen and Shixiang Shane Gu and Anhad Mohananey and Anastasija Ilic and Taylor Tobin and John Wieting and Anna Bortsova and Phoebe Thacker and Emma Wang and Emily Caveness and Justin Chiu and Eren Sezener and Alex Kaskasoli and Steven Baker and Katie Millican and Mohamed Elhawaty and Kostas Aisopos and Carl Lebsack and Nathan Byrd and Hanjun Dai and Wenhao Jia and Matthew Wiethoff and Elnaz Davoodi and Albert Weston and Lakshman Yagati and Arun Ahuja and Isabel Gao and Golan Pundak and Susan Zhang and Michael Azzam and Khe Chai Sim and Sergi Caelles and James Keeling and Abhanshu Sharma and Andy Swing and YaGuang Li and Chenxi Liu and Carrie Grimes Bostock and Yamini Bansal and Zachary Nado and Ankesh Anand and Josh Lipschultz and Abhijit Karmarkar and Lev Proleev and Abe Ittycheriah and Soheil Hassas Yeganeh and George Polovets and Aleksandra Faust and Jiao Sun and Alban Rrustemi and Pen Li and Rakesh Shivanna and Jeremiah Liu and Chris Welty and Federico Lebron and Anirudh Baddepudi and Sebastian Krause and Emilio Parisotto and Radu Soricut and Zheng Xu and Dawn Bloxwich and Melvin Johnson and Behnam Neyshabur and Justin Mao-Jones and Renshen Wang and Vinay Ramasesh and Zaheer Abbas and Arthur Guez and Constant Segal and Duc Dung Nguyen and James Svensson and Le Hou and Sarah York and Kieran Milan and Sophie Bridgers and Wiktor Gworek and Marco Tagliasacchi and James Lee-Thorp and Michael Chang and Alexey Guseynov and Ale Jakse Hartman and Michael Kwong and Ruizhe Zhao and Sheleem Kashem and Elizabeth Cole and Antoine Miech and Richard Tanburn and Mary Phuong and Filip Pavetic and Sebastien Cevey and Ramona Comanescu and Richard Ives and Sherry Yang and Cosmo Du and Bo Li and Zizhao Zhang and Mariko Iinuma and Clara Huiyi Hu and Aurko Roy and Shaan Bijwadia and Zhenkai Zhu and Danilo Martins and Rachel Saputro and Anita Gergely and Steven Zheng and Dawei Jia and Ioannis Antonoglou and Adam Sadovsky and Shane Gu and Yingying Bi and Alek Andreev and Sina Samangooei and Mina Khan and Tomas Kocisky and Angelos Filos and Chintu Kumar and Colton Bishop and Adams Yu and Sarah Hodkinson and Sid Mittal and Premal Shah and Alexandre Moufarek and Yong Cheng and Adam Bloniarz and Jaehoon Lee and Pedram Pejman and Paul Michel and Stephen Spencer and Vladimir Feinberg and Xuehan Xiong and Nikolay Savinov and Charlotte Smith and Siamak Shakeri and Dustin Tran and Mary Chesus and Bernd Bohnet and George Tucker and Tamara von Glehn and Carrie Muir and Yiran Mao and Hideto Kazawa and Ambrose Slone and Kedar Soparkar and Disha Shrivastava and James Cobon-Kerr and Michael Sharman and Jay Pavagadhi and Carlos Araya and Karolis Misiunas and Nimesh Ghelani and Michael Laskin and David Barker and Qiujia Li and Anton Briukhov and Neil Houlsby and Mia Glaese and Balaji Lakshminarayanan and Nathan Schucher and Yunhao Tang and Eli Collins and Hyeontaek Lim and Fangxiaoyu Feng and Adria Recasens and Guangda Lai and Alberto Magni and Nicola De Cao and Aditya Siddhant and Zoe Ashwood and Jordi Orbay and Mostafa Dehghani and Jenny Brennan and Yifan He and Kelvin Xu and Yang Gao and Carl Saroufim and James Molloy and Xinyi Wu and Seb Arnold and Solomon Chang and Julian Schrittwieser and Elena Buchatskaya and Soroush Radpour and Martin Polacek and Skye Giordano and Ankur Bapna and Simon Tokumine and Vincent Hellendoorn and Thibault Sottiaux and Sarah Cogan and Aliaksei Severyn and Mohammad Saleh and Shantanu Thakoor and Laurent Shefey and Siyuan Qiao and Meenu Gaba and Shuo-yiin Chang and Craig Swanson and Biao Zhang and Benjamin Lee and Paul Kishan Rubenstein and Gan Song and Tom Kwiatkowski and Anna Koop and Ajay Kannan and David Kao and Parker Schuh and Axel Stjerngren and Golnaz Ghiasi and Gena Gibson and Luke Vilnis and Ye Yuan and Felipe Tiengo Ferreira and Aishwarya Kamath and Ted Klimenko and Ken Franko and Kefan Xiao and Indro Bhattacharya and Miteyan Patel and Rui Wang and Alex Morris and Robin Strudel and Vivek Sharma and Peter Choy and Sayed Hadi Hashemi and Jessica Landon and Mara Finkelstein and Priya Jhakra and Justin Frye and Megan Barnes and Matthew Mauger and Dennis Daun and Khuslen Baatarsukh and Matthew Tung and Wael Farhan and Henryk Michalewski and Fabio Viola and Felix de Chaumont Quitry and Charline Le Lan and Tom Hudson and Qingze Wang and Felix Fischer and Ivy Zheng and Elspeth White and Anca Dragan and Jean-baptiste Alayrac and Eric Ni and Alexander Pritzel and Adam Iwanicki and Michael Isard and Anna Bulanova and Lukas Zilka and Ethan Dyer and Devendra Sachan and Srivatsan Srinivasan and Hannah Muckenhirn and Honglong Cai and Amol Mandhane and Mukarram Tariq and Jack W. Rae and Gary Wang and Kareem Ayoub and Nicholas FitzGerald and Yao Zhao and Woohyun Han and Chris Alberti and Dan Garrette and Kashyap Krishnakumar and Mai Gimenez and Anselm Levskaya and Daniel Sohn and Josip Matak and Inaki Iturrate and Michael B. Chang and Jackie Xiang and Yuan Cao and Nishant Ranka and Geoff Brown and Adrian Hutter and Vahab Mirrokni and Nanxin Chen and Kaisheng Yao and Zoltan Egyed and Francois Galilee and Tyler Liechty and Praveen Kallakuri and Evan Palmer and Sanjay Ghemawat and Jasmine Liu and David Tao and Chloe Thornton and Tim Green and Mimi Jasarevic and Sharon Lin and Victor Cotruta and Yi-Xuan Tan and Noah Fiedel and Hongkun Yu and Ed Chi and Alexander Neitz and Jens Heitkaemper and Anu Sinha and Denny Zhou and Yi Sun and Charbel Kaed and Brice Hulse and Swaroop Mishra and Maria Georgaki and Sneha Kudugunta and Clement Farabet and Izhak Shafran and Daniel Vlasic and Anton Tsitsulin and Rajagopal Ananthanarayanan and Alen Carin and Guolong Su and Pei Sun and Shashank V and Gabriel Carvajal and Josef Broder and Iulia Comsa and Alena Repina and William Wong and Warren Weilun Chen and Peter Hawkins and Egor Filonov and Lucia Loher and Christoph Hirnschall and Weiyi Wang and Jingchen Ye and Andrea Burns and Hardie Cate and Diana Gage Wright and Federico Piccinini and Lei Zhang and Chu-Cheng Lin and Ionel Gog and Yana Kulizhskaya and Ashwin Sreevatsa and Shuang Song and Luis C. Cobo and Anand Iyer and Chetan Tekur and Guillermo Garrido and Zhuyun Xiao and Rupert Kemp and Huaixiu Steven Zheng and Hui Li and Ananth Agarwal and Christel Ngani and Kati Goshvadi and Rebeca Santamaria-Fernandez and Wojciech Fica and Xinyun Chen and Chris Gorgolewski and Sean Sun and Roopal Garg and Xinyu Ye and S. M. Ali Eslami and Nan Hua and Jon Simon and Pratik Joshi and Yelin Kim and Ian Tenney and Sahitya Potluri and Lam Nguyen Thiet and Quan Yuan and Florian Luisier and Alexandra Chronopoulou and Salvatore Scellato and Praveen Srinivasan and Minmin Chen and Vinod Koverkathu and Valentin Dalibard and Yaming Xu and Brennan Saeta and Keith Anderson and Thibault Sellam and Nick Fernando and Fantine Huot and Junehyuk Jung and Mani Varadarajan and Michael Quinn and Amit Raul and Maigo Le and Ruslan Habalov and Jon Clark and Komal Jalan and Kalesha Bullard and Achintya Singhal and Thang Luong and Boyu Wang and Sujeevan Rajayogam and Julian Eisenschlos and Johnson Jia and Daniel Finchelstein and Alex Yakubovich and Daniel Balle and Michael Fink and Sameer Agarwal and Jing Li and Dj Dvijotham and Shalini Pal and Kai Kang and Jaclyn Konzelmann and Jennifer Beattie and Olivier Dousse and Diane Wu and Remi Crocker and Chen Elkind and Siddhartha Reddy Jonnalagadda and Jong Lee and Dan Holtmann-Rice and Krystal Kallarackal and Rosanne Liu and Denis Vnukov and Neera Vats and Luca Invernizzi and Mohsen Jafari and Huanjie Zhou and Lilly Taylor and Jennifer Prendki and Marcus Wu and Tom Eccles and Tianqi Liu and Kavya Kopparapu and Francoise Beaufays and Christof Angermueller and Andreea Marzoca and Shourya Sarcar and Hilal Dib and Jeff Stanway and Frank Perbet and Nejc Trdin and Rachel Sterneck and Andrey Khorlin and Dinghua Li and Xihui Wu and Sonam Goenka and David Madras and Sasha Goldshtein and Willi Gierke and Tong Zhou and Yaxin Liu and Yannie Liang and Anais White and Yunjie Li and Shreya Singh and Sanaz Bahargam and Mark Epstein and Sujoy Basu and Li Lao and Adnan Ozturel and Carl Crous and Alex Zhai and Han Lu and Zora Tung and Neeraj Gaur and Alanna Walton and Lucas Dixon and Ming Zhang and Amir Globerson and Grant Uy and Andrew Bolt and Olivia Wiles and Milad Nasr and Ilia Shumailov and Marco Selvi and Francesco Piccinno and Ricardo Aguilar and Sara McCarthy and Misha Khalman and Mrinal Shukla and Vlado Galic and John Carpenter and Kevin Villela and Haibin Zhang and Harry Richardson and James Martens and Matko Bosnjak and Shreyas Rammohan Belle and Jeff Seibert and Mahmoud Alnahlawi and Brian McWilliams and Sankalp Singh and Annie Louis and Wen Ding and Dan Popovici and Lenin Simicich and Laura Knight and Pulkit Mehta and Nishesh Gupta and Chongyang Shi and Saaber Fatehi and Jovana Mitrovic and Alex Grills and Joseph Pagadora and Tsendsuren Munkhdalai and Dessie Petrova and Danielle Eisenbud and Zhishuai Zhang and Damion Yates and Bhavishya Mittal and Nilesh Tripuraneni and Yannis Assael and Thomas Brovelli and Prateek Jain and Mihajlo Velimirovic and Canfer Akbulut and Jiaqi Mu and Wolfgang Macherey and Ravin Kumar and Jun Xu and Haroon Qureshi and Gheorghe Comanici and Jeremy Wiesner and Zhitao Gong and Anton Ruddock and Matthias Bauer and Nick Felt and Anirudh GP and Anurag Arnab and Dustin Zelle and Jonas Rothfuss and Bill Rosgen and Ashish Shenoy and Bryan Seybold and Xinjian Li and Jayaram Mudigonda and Goker Erdogan and Jiawei Xia and Jiri Simsa and Andrea Michi and Yi Yao and Christopher Yew and Steven Kan and Isaac Caswell and Carey Radebaugh and Andre Elisseeff and Pedro Valenzuela and Kay McKinney and Kim Paterson and Albert Cui and Eri Latorre-Chimoto and Solomon Kim and William Zeng and Ken Durden and Priya Ponnapalli and Tiberiu Sosea and Christopher A. Choquette-Choo and James Manyika and Brona Robenek and Harsha Vashisht and Sebastien Pereira and Hoi Lam and Marko Velic and Denese Owusu-Afriyie and Katherine Lee and Tolga Bolukbasi and Alicia Parrish and Shawn Lu and Jane Park and Balaji Venkatraman and Alice Talbert and Lambert Rosique and Yuchung Cheng and Andrei Sozanschi and Adam Paszke and Praveen Kumar and Jessica Austin and Lu Li and Khalid Salama and Bartek Perz and Wooyeol Kim and Nandita Dukkipati and Anthony Baryshnikov and Christos Kaplanis and XiangHai Sheng and Yuri Chervonyi and Caglar Unlu and Diego de Las Casas and Harry Askham and Kathryn Tunyasuvunakool and Felix Gimeno and Siim Poder and Chester Kwak and Matt Miecnikowski and Vahab Mirrokni and Alek Dimitriev and Aaron Parisi and Dangyi Liu and Tomy Tsai and Toby Shevlane and Christina Kouridi and Drew Garmon and Adrian Goedeckemeyer and Adam R. Brown and Anitha Vijayakumar and Ali Elqursh and Sadegh Jazayeri and Jin Huang and Sara Mc Carthy and Jay Hoover and Lucy Kim and Sandeep Kumar and Wei Chen and Courtney Biles and Garrett Bingham and Evan Rosen and Lisa Wang and Qijun Tan and David Engel and Francesco Pongetti and Dario de Cesare and Dongseong Hwang and Lily Yu and Jennifer Pullman and Srini Narayanan and Kyle Levin and Siddharth Gopal and Megan Li and Asaf Aharoni and Trieu Trinh and Jessica Lo and Norman Casagrande and Roopali Vij and Loic Matthey and Bramandia Ramadhana and Austin Matthews and CJ Carey and Matthew Johnson and Kremena Goranova and Rohin Shah and Shereen Ashraf and Kingshuk Dasgupta and Rasmus Larsen and Yicheng Wang and Manish Reddy Vuyyuru and Chong Jiang and Joana Ijazi and Kazuki Osawa and Celine Smith and Ramya Sree Boppana and Taylan Bilal and Yuma Koizumi and Ying Xu and Yasemin Altun and Nir Shabat and Ben Bariach and Alex Korchemniy and Kiam Choo and Olaf Ronneberger and Chimezie Iwuanyanwu and Shubin Zhao and David Soergel and Cho-Jui Hsieh and Irene Cai and Shariq Iqbal and Martin Sundermeyer and Zhe Chen and Elie Bursztein and Chaitanya Malaviya and Fadi Biadsy and Prakash Shroff and Inderjit Dhillon and Tejasi Latkar and Chris Dyer and Hannah Forbes and Massimo Nicosia and Vitaly Nikolaev and Somer Greene and Marin Georgiev and Pidong Wang and Nina Martin and Hanie Sedghi and John Zhang and Praseem Banzal and Doug Fritz and Vikram Rao and Xuezhi Wang and Jiageng Zhang and Viorica Patraucean and Dayou Du and Igor Mordatch and Ivan Jurin and Lewis Liu and Ayush Dubey and Abhi Mohan and Janek Nowakowski and Vlad-Doru Ion and Nan Wei and Reiko Tojo and Maria Abi Raad and Drew A. Hudson and Vaishakh Keshava and Shubham Agrawal and Kevin Ramirez and Zhichun Wu and Hoang Nguyen and Ji Liu and Madhavi Sewak and Bryce Petrini and DongHyun Choi and Ivan Philips and Ziyue Wang and Ioana Bica and Ankush Garg and Jarek Wilkiewicz and Priyanka Agrawal and Xiaowei Li and Danhao Guo and Emily Xue and Naseer Shaik and Andrew Leach and Sadh MNM Khan and Julia Wiesinger and Sammy Jerome and Abhishek Chakladar and Alek Wenjiao Wang and Tina Ornduff and Folake Abu and Alireza Ghaffarkhah and Marcus Wainwright and Mario Cortes and Frederick Liu and Joshua Maynez and Andreas Terzis and Pouya Samangouei and Riham Mansour and Tomasz KÄpa and FranÃ§ois-Xavier Aubet and Anton Algymr and Dan Banica and Agoston Weisz and Andras Orban and Alexandre Senges and Ewa Andrejczuk and Mark Geller and Niccolo Dal Santo and Valentin Anklin and Majd Al Merey and Martin Baeuml and Trevor Strohman and Junwen Bai and Slav Petrov and Yonghui Wu and Demis Hassabis and Koray Kavukcuoglu and Jeff Dean and Oriol Vinyals},
      year={2024},
      eprint={2403.05530},
      archivePrefix={arXiv},
      primaryClass={cs.CL},
      url={https://arxiv.org/abs/2403.05530}, 
}

@misc{openai2024gpt4technicalreport,
      title={{GPT-4 Technical Report}}, 
      author={OpenAI and Josh Achiam and Steven Adler and Sandhini Agarwal and Lama Ahmad and Ilge Akkaya and Florencia Leoni Aleman and Diogo Almeida and Janko Altenschmidt and Sam Altman and Shyamal Anadkat and Red Avila and Igor Babuschkin and Suchir Balaji and Valerie Balcom and Paul Baltescu and Haiming Bao and Mohammad Bavarian and Jeff Belgum and Irwan Bello and Jake Berdine and Gabriel Bernadett-Shapiro and Christopher Berner and Lenny Bogdonoff and Oleg Boiko and Madelaine Boyd and Anna-Luisa Brakman and Greg Brockman and Tim Brooks and Miles Brundage and Kevin Button and Trevor Cai and Rosie Campbell and Andrew Cann and Brittany Carey and Chelsea Carlson and Rory Carmichael and Brooke Chan and Che Chang and Fotis Chantzis and Derek Chen and Sully Chen and Ruby Chen and Jason Chen and Mark Chen and Ben Chess and Chester Cho and Casey Chu and Hyung Won Chung and Dave Cummings and Jeremiah Currier and Yunxing Dai and Cory Decareaux and Thomas Degry and Noah Deutsch and Damien Deville and Arka Dhar and David Dohan and Steve Dowling and Sheila Dunning and Adrien Ecoffet and Atty Eleti and Tyna Eloundou and David Farhi and Liam Fedus and Niko Felix and SimÃ³n Posada Fishman and Juston Forte and Isabella Fulford and Leo Gao and Elie Georges and Christian Gibson and Vik Goel and Tarun Gogineni and Gabriel Goh and Rapha Gontijo-Lopes and Jonathan Gordon and Morgan Grafstein and Scott Gray and Ryan Greene and Joshua Gross and Shixiang Shane Gu and Yufei Guo and Chris Hallacy and Jesse Han and Jeff Harris and Yuchen He and Mike Heaton and Johannes Heidecke and Chris Hesse and Alan Hickey and Wade Hickey and Peter Hoeschele and Brandon Houghton and Kenny Hsu and Shengli Hu and Xin Hu and Joost Huizinga and Shantanu Jain and Shawn Jain and Joanne Jang and Angela Jiang and Roger Jiang and Haozhun Jin and Denny Jin and Shino Jomoto and Billie Jonn and Heewoo Jun and Tomer Kaftan and Åukasz Kaiser and Ali Kamali and Ingmar Kanitscheider and Nitish Shirish Keskar and Tabarak Khan and Logan Kilpatrick and Jong Wook Kim and Christina Kim and Yongjik Kim and Jan Hendrik Kirchner and Jamie Kiros and Matt Knight and Daniel Kokotajlo and Åukasz Kondraciuk and Andrew Kondrich and Aris Konstantinidis and Kyle Kosic and Gretchen Krueger and Vishal Kuo and Michael Lampe and Ikai Lan and Teddy Lee and Jan Leike and Jade Leung and Daniel Levy and Chak Ming Li and Rachel Lim and Molly Lin and Stephanie Lin and Mateusz Litwin and Theresa Lopez and Ryan Lowe and Patricia Lue and Anna Makanju and Kim Malfacini and Sam Manning and Todor Markov and Yaniv Markovski and Bianca Martin and Katie Mayer and Andrew Mayne and Bob McGrew and Scott Mayer McKinney and Christine McLeavey and Paul McMillan and Jake McNeil and David Medina and Aalok Mehta and Jacob Menick and Luke Metz and Andrey Mishchenko and Pamela Mishkin and Vinnie Monaco and Evan Morikawa and Daniel Mossing and Tong Mu and Mira Murati and Oleg Murk and David MÃ©ly and Ashvin Nair and Reiichiro Nakano and Rajeev Nayak and Arvind Neelakantan and Richard Ngo and Hyeonwoo Noh and Long Ouyang and Cullen O'Keefe and Jakub Pachocki and Alex Paino and Joe Palermo and Ashley Pantuliano and Giambattista Parascandolo and Joel Parish and Emy Parparita and Alex Passos and Mikhail Pavlov and Andrew Peng and Adam Perelman and Filipe de Avila Belbute Peres and Michael Petrov and Henrique Ponde de Oliveira Pinto and Michael and Pokorny and Michelle Pokrass and Vitchyr H. Pong and Tolly Powell and Alethea Power and Boris Power and Elizabeth Proehl and Raul Puri and Alec Radford and Jack Rae and Aditya Ramesh and Cameron Raymond and Francis Real and Kendra Rimbach and Carl Ross and Bob Rotsted and Henri Roussez and Nick Ryder and Mario Saltarelli and Ted Sanders and Shibani Santurkar and Girish Sastry and Heather Schmidt and David Schnurr and John Schulman and Daniel Selsam and Kyla Sheppard and Toki Sherbakov and Jessica Shieh and Sarah Shoker and Pranav Shyam and Szymon Sidor and Eric Sigler and Maddie Simens and Jordan Sitkin and Katarina Slama and Ian Sohl and Benjamin Sokolowsky and Yang Song and Natalie Staudacher and Felipe Petroski Such and Natalie Summers and Ilya Sutskever and Jie Tang and Nikolas Tezak and Madeleine B. Thompson and Phil Tillet and Amin Tootoonchian and Elizabeth Tseng and Preston Tuggle and Nick Turley and Jerry Tworek and Juan Felipe CerÃ³n Uribe and Andrea Vallone and Arun Vijayvergiya and Chelsea Voss and Carroll Wainwright and Justin Jay Wang and Alvin Wang and Ben Wang and Jonathan Ward and Jason Wei and CJ Weinmann and Akila Welihinda and Peter Welinder and Jiayi Weng and Lilian Weng and Matt Wiethoff and Dave Willner and Clemens Winter and Samuel Wolrich and Hannah Wong and Lauren Workman and Sherwin Wu and Jeff Wu and Michael Wu and Kai Xiao and Tao Xu and Sarah Yoo and Kevin Yu and Qiming Yuan and Wojciech Zaremba and Rowan Zellers and Chong Zhang and Marvin Zhang and Shengjia Zhao and Tianhao Zheng and Juntang Zhuang and William Zhuk and Barret Zoph},
      year={2024},
      eprint={2303.08774},
      archivePrefix={arXiv},
      primaryClass={cs.CL},
      url={https://arxiv.org/abs/2303.08774}, 
}

@misc{anthropic2024claude3,
    title={{The Claude 3 Model Family: Opus, Sonnet, Haiku}},
    author={Anthropic},
    year={2024},
    url={https://www-cdn.anthropic.com/de8ba9b01c9ab7cbabf5c33b80b7bbc618857627/Model_Card_Claude_3.pdf},
}

@misc{gehring2025rlefgroundingcodellms,
      title={{RLEF: Grounding Code LLMs in Execution Feedback with Reinforcement Learning}}, 
      author={Jonas Gehring and Kunhao Zheng and Jade Copet and Vegard Mella and Quentin Carbonneaux and Taco Cohen and Gabriel Synnaeve},
      year={2025},
      eprint={2410.02089},
      archivePrefix={arXiv},
      primaryClass={cs.CL},
      url={https://arxiv.org/abs/2410.02089}, 
}

@misc{ehrlich2025codemonkeysscalingtesttimecompute,
      title={{CodeMonkeys: Scaling Test-Time Compute for Software Engineering}}, 
      author={Ryan Ehrlich and Bradley Brown and Jordan Juravsky and Ronald Clark and Christopher RÃ© and Azalia Mirhoseini},
      year={2025},
      eprint={2501.14723},
      archivePrefix={arXiv},
      primaryClass={cs.LG},
      url={https://arxiv.org/abs/2501.14723}, 
}

@misc{jimenez2024swebenchlanguagemodelsresolve,
      title={{SWE-bench: Can Language Models Resolve Real-World GitHub Issues?}}, 
      author={Carlos E. Jimenez and John Yang and Alexander Wettig and Shunyu Yao and Kexin Pei and Ofir Press and Karthik Narasimhan},
      year={2024},
      eprint={2310.06770},
      archivePrefix={arXiv},
      primaryClass={cs.CL},
      url={https://arxiv.org/abs/2310.06770}, 
}

@article{li2022competition,
  title={{Competition-Level Code Generation with AlphaCode}},
    author={Li, Yujia and Choi, David and Chung, Junyoung and Kushman, Nate and
    Schrittwieser, Julian and Leblond, R{\'e}mi and Eccles, Tom and
    Keeling, James and Gimeno, Felix and Dal Lago, Agustin and
    Hubert, Thomas and Choy, Peter and de Masson d'Autume, Cyprien and
    Babuschkin, Igor and Chen, Xinyun and Huang, Po-Sen and Welbl, Johannes and
    Gowal, Sven and Cherepanov, Alexey and Molloy, James and
    Mankowitz, Daniel and Sutherland Robson, Esme and Kohli, Pushmeet and
    de Freitas, Nando and Kavukcuoglu, Koray and Vinyals, Oriol},
  journal={arXiv preprint arXiv:2203.07814},
  year={2022}
}


@misc{cui2025processreinforcementimplicitrewards,
      title={{Process Reinforcement through Implicit Rewards}}, 
      author={Ganqu Cui and Lifan Yuan and Zefan Wang and Hanbin Wang and Wendi Li and Bingxiang He and Yuchen Fan and Tianyu Yu and Qixin Xu and Weize Chen and Jiarui Yuan and Huayu Chen and Kaiyan Zhang and Xingtai Lv and Shuo Wang and Yuan Yao and Xu Han and Hao Peng and Yu Cheng and Zhiyuan Liu and Maosong Sun and Bowen Zhou and Ning Ding},
      year={2025},
      eprint={2502.01456},
      archivePrefix={arXiv},
      primaryClass={cs.LG},
      url={https://arxiv.org/abs/2502.01456}, 
}

@misc{lambert2025tulu3pushingfrontiers,
      title={{Tulu 3: Pushing Frontiers in Open Language Model Post-Training}}, 
      author={Nathan Lambert and Jacob Morrison and Valentina Pyatkin and Shengyi Huang and Hamish Ivison and Faeze Brahman and Lester James V. Miranda and Alisa Liu and Nouha Dziri and Shane Lyu and Yuling Gu and Saumya Malik and Victoria Graf and Jena D. Hwang and Jiangjiang Yang and Ronan Le Bras and Oyvind Tafjord and Chris Wilhelm and Luca Soldaini and Noah A. Smith and Yizhong Wang and Pradeep Dasigi and Hannaneh Hajishirzi},
      year={2025},
      eprint={2411.15124},
      archivePrefix={arXiv},
      primaryClass={cs.CL},
      url={https://arxiv.org/abs/2411.15124}, 
}

@misc{muennighoff2025s1simpletesttimescaling,
      title={{s1: Simple test-time scaling}}, 
      author={Niklas Muennighoff and Zitong Yang and Weijia Shi and Xiang Lisa Li and Li Fei-Fei and Hannaneh Hajishirzi and Luke Zettlemoyer and Percy Liang and Emmanuel CandÃ¨s and Tatsunori Hashimoto},
      year={2025},
      eprint={2501.19393},
      archivePrefix={arXiv},
      primaryClass={cs.CL},
      url={https://arxiv.org/abs/2501.19393}, 
}


@misc{grattafiori2024llama3herdmodels,
      title={{The Llama 3 Herd of Models}}, 
      author={Aaron Grattafiori and Abhimanyu Dubey and Abhinav Jauhri and Abhinav Pandey and Abhishek Kadian and Ahmad Al-Dahle and Aiesha Letman and Akhil Mathur and Alan Schelten and Alex Vaughan and Amy Yang and Angela Fan and Anirudh Goyal and Anthony Hartshorn and Aobo Yang and Archi Mitra and Archie Sravankumar and Artem Korenev and Arthur Hinsvark and Arun Rao and Aston Zhang and Aurelien Rodriguez and Austen Gregerson and Ava Spataru and Baptiste Roziere and Bethany Biron and Binh Tang and Bobbie Chern and Charlotte Caucheteux and Chaya Nayak and Chloe Bi and Chris Marra and Chris McConnell and Christian Keller and Christophe Touret and Chunyang Wu and Corinne Wong and Cristian Canton Ferrer and Cyrus Nikolaidis and Damien Allonsius and Daniel Song and Danielle Pintz and Danny Livshits and Danny Wyatt and David Esiobu and Dhruv Choudhary and Dhruv Mahajan and Diego Garcia-Olano and Diego Perino and Dieuwke Hupkes and Egor Lakomkin and Ehab AlBadawy and Elina Lobanova and Emily Dinan and Eric Michael Smith and Filip Radenovic and Francisco GuzmÃ¡n and Frank Zhang and Gabriel Synnaeve and Gabrielle Lee and Georgia Lewis Anderson and Govind Thattai and Graeme Nail and Gregoire Mialon and Guan Pang and Guillem Cucurell and Hailey Nguyen and Hannah Korevaar and Hu Xu and Hugo Touvron and Iliyan Zarov and Imanol Arrieta Ibarra and Isabel Kloumann and Ishan Misra and Ivan Evtimov and Jack Zhang and Jade Copet and Jaewon Lee and Jan Geffert and Jana Vranes and Jason Park and Jay Mahadeokar and Jeet Shah and Jelmer van der Linde and Jennifer Billock and Jenny Hong and Jenya Lee and Jeremy Fu and Jianfeng Chi and Jianyu Huang and Jiawen Liu and Jie Wang and Jiecao Yu and Joanna Bitton and Joe Spisak and Jongsoo Park and Joseph Rocca and Joshua Johnstun and Joshua Saxe and Junteng Jia and Kalyan Vasuden Alwala and Karthik Prasad and Kartikeya Upasani and Kate Plawiak and Ke Li and Kenneth Heafield and Kevin Stone and Khalid El-Arini and Krithika Iyer and Kshitiz Malik and Kuenley Chiu and Kunal Bhalla and Kushal Lakhotia and Lauren Rantala-Yeary and Laurens van der Maaten and Lawrence Chen and Liang Tan and Liz Jenkins and Louis Martin and Lovish Madaan and Lubo Malo and Lukas Blecher and Lukas Landzaat and Luke de Oliveira and Madeline Muzzi and Mahesh Pasupuleti and Mannat Singh and Manohar Paluri and Marcin Kardas and Maria Tsimpoukelli and Mathew Oldham and Mathieu Rita and Maya Pavlova and Melanie Kambadur and Mike Lewis and Min Si and Mitesh Kumar Singh and Mona Hassan and Naman Goyal and Narjes Torabi and Nikolay Bashlykov and Nikolay Bogoychev and Niladri Chatterji and Ning Zhang and Olivier Duchenne and Onur Ãelebi and Patrick Alrassy and Pengchuan Zhang and Pengwei Li and Petar Vasic and Peter Weng and Prajjwal Bhargava and Pratik Dubal and Praveen Krishnan and Punit Singh Koura and Puxin Xu and Qing He and Qingxiao Dong and Ragavan Srinivasan and Raj Ganapathy and Ramon Calderer and Ricardo Silveira Cabral and Robert Stojnic and Roberta Raileanu and Rohan Maheswari and Rohit Girdhar and Rohit Patel and Romain Sauvestre and Ronnie Polidoro and Roshan Sumbaly and Ross Taylor and Ruan Silva and Rui Hou and Rui Wang and Saghar Hosseini and Sahana Chennabasappa and Sanjay Singh and Sean Bell and Seohyun Sonia Kim and Sergey Edunov and Shaoliang Nie and Sharan Narang and Sharath Raparthy and Sheng Shen and Shengye Wan and Shruti Bhosale and Shun Zhang and Simon Vandenhende and Soumya Batra and Spencer Whitman and Sten Sootla and Stephane Collot and Suchin Gururangan and Sydney Borodinsky and Tamar Herman and Tara Fowler and Tarek Sheasha and Thomas Georgiou and Thomas Scialom and Tobias Speckbacher and Todor Mihaylov and Tong Xiao and Ujjwal Karn and Vedanuj Goswami and Vibhor Gupta and Vignesh Ramanathan and Viktor Kerkez and Vincent Gonguet and Virginie Do and Vish Vogeti and VÃ­tor Albiero and Vladan Petrovic and Weiwei Chu and Wenhan Xiong and Wenyin Fu and Whitney Meers and Xavier Martinet and Xiaodong Wang and Xiaofang Wang and Xiaoqing Ellen Tan and Xide Xia and Xinfeng Xie and Xuchao Jia and Xuewei Wang and Yaelle Goldschlag and Yashesh Gaur and Yasmine Babaei and Yi Wen and Yiwen Song and Yuchen Zhang and Yue Li and Yuning Mao and Zacharie Delpierre Coudert and Zheng Yan and Zhengxing Chen and Zoe Papakipos and Aaditya Singh and Aayushi Srivastava and Abha Jain and Adam Kelsey and Adam Shajnfeld and Adithya Gangidi and Adolfo Victoria and Ahuva Goldstand and Ajay Menon and Ajay Sharma and Alex Boesenberg and Alexei Baevski and Allie Feinstein and Amanda Kallet and Amit Sangani and Amos Teo and Anam Yunus and Andrei Lupu and Andres Alvarado and Andrew Caples and Andrew Gu and Andrew Ho and Andrew Poulton and Andrew Ryan and Ankit Ramchandani and Annie Dong and Annie Franco and Anuj Goyal and Aparajita Saraf and Arkabandhu Chowdhury and Ashley Gabriel and Ashwin Bharambe and Assaf Eisenman and Azadeh Yazdan and Beau James and Ben Maurer and Benjamin Leonhardi and Bernie Huang and Beth Loyd and Beto De Paola and Bhargavi Paranjape and Bing Liu and Bo Wu and Boyu Ni and Braden Hancock and Bram Wasti and Brandon Spence and Brani Stojkovic and Brian Gamido and Britt Montalvo and Carl Parker and Carly Burton and Catalina Mejia and Ce Liu and Changhan Wang and Changkyu Kim and Chao Zhou and Chester Hu and Ching-Hsiang Chu and Chris Cai and Chris Tindal and Christoph Feichtenhofer and Cynthia Gao and Damon Civin and Dana Beaty and Daniel Kreymer and Daniel Li and David Adkins and David Xu and Davide Testuggine and Delia David and Devi Parikh and Diana Liskovich and Didem Foss and Dingkang Wang and Duc Le and Dustin Holland and Edward Dowling and Eissa Jamil and Elaine Montgomery and Eleonora Presani and Emily Hahn and Emily Wood and Eric-Tuan Le and Erik Brinkman and Esteban Arcaute and Evan Dunbar and Evan Smothers and Fei Sun and Felix Kreuk and Feng Tian and Filippos Kokkinos and Firat Ozgenel and Francesco Caggioni and Frank Kanayet and Frank Seide and Gabriela Medina Florez and Gabriella Schwarz and Gada Badeer and Georgia Swee and Gil Halpern and Grant Herman and Grigory Sizov and Guangyi and Zhang and Guna Lakshminarayanan and Hakan Inan and Hamid Shojanazeri and Han Zou and Hannah Wang and Hanwen Zha and Haroun Habeeb and Harrison Rudolph and Helen Suk and Henry Aspegren and Hunter Goldman and Hongyuan Zhan and Ibrahim Damlaj and Igor Molybog and Igor Tufanov and Ilias Leontiadis and Irina-Elena Veliche and Itai Gat and Jake Weissman and James Geboski and James Kohli and Janice Lam and Japhet Asher and Jean-Baptiste Gaya and Jeff Marcus and Jeff Tang and Jennifer Chan and Jenny Zhen and Jeremy Reizenstein and Jeremy Teboul and Jessica Zhong and Jian Jin and Jingyi Yang and Joe Cummings and Jon Carvill and Jon Shepard and Jonathan McPhie and Jonathan Torres and Josh Ginsburg and Junjie Wang and Kai Wu and Kam Hou U and Karan Saxena and Kartikay Khandelwal and Katayoun Zand and Kathy Matosich and Kaushik Veeraraghavan and Kelly Michelena and Keqian Li and Kiran Jagadeesh and Kun Huang and Kunal Chawla and Kyle Huang and Lailin Chen and Lakshya Garg and Lavender A and Leandro Silva and Lee Bell and Lei Zhang and Liangpeng Guo and Licheng Yu and Liron Moshkovich and Luca Wehrstedt and Madian Khabsa and Manav Avalani and Manish Bhatt and Martynas Mankus and Matan Hasson and Matthew Lennie and Matthias Reso and Maxim Groshev and Maxim Naumov and Maya Lathi and Meghan Keneally and Miao Liu and Michael L. Seltzer and Michal Valko and Michelle Restrepo and Mihir Patel and Mik Vyatskov and Mikayel Samvelyan and Mike Clark and Mike Macey and Mike Wang and Miquel Jubert Hermoso and Mo Metanat and Mohammad Rastegari and Munish Bansal and Nandhini Santhanam and Natascha Parks and Natasha White and Navyata Bawa and Nayan Singhal and Nick Egebo and Nicolas Usunier and Nikhil Mehta and Nikolay Pavlovich Laptev and Ning Dong and Norman Cheng and Oleg Chernoguz and Olivia Hart and Omkar Salpekar and Ozlem Kalinli and Parkin Kent and Parth Parekh and Paul Saab and Pavan Balaji and Pedro Rittner and Philip Bontrager and Pierre Roux and Piotr Dollar and Polina Zvyagina and Prashant Ratanchandani and Pritish Yuvraj and Qian Liang and Rachad Alao and Rachel Rodriguez and Rafi Ayub and Raghotham Murthy and Raghu Nayani and Rahul Mitra and Rangaprabhu Parthasarathy and Raymond Li and Rebekkah Hogan and Robin Battey and Rocky Wang and Russ Howes and Ruty Rinott and Sachin Mehta and Sachin Siby and Sai Jayesh Bondu and Samyak Datta and Sara Chugh and Sara Hunt and Sargun Dhillon and Sasha Sidorov and Satadru Pan and Saurabh Mahajan and Saurabh Verma and Seiji Yamamoto and Sharadh Ramaswamy and Shaun Lindsay and Shaun Lindsay and Sheng Feng and Shenghao Lin and Shengxin Cindy Zha and Shishir Patil and Shiva Shankar and Shuqiang Zhang and Shuqiang Zhang and Sinong Wang and Sneha Agarwal and Soji Sajuyigbe and Soumith Chintala and Stephanie Max and Stephen Chen and Steve Kehoe and Steve Satterfield and Sudarshan Govindaprasad and Sumit Gupta and Summer Deng and Sungmin Cho and Sunny Virk and Suraj Subramanian and Sy Choudhury and Sydney Goldman and Tal Remez and Tamar Glaser and Tamara Best and Thilo Koehler and Thomas Robinson and Tianhe Li and Tianjun Zhang and Tim Matthews and Timothy Chou and Tzook Shaked and Varun Vontimitta and Victoria Ajayi and Victoria Montanez and Vijai Mohan and Vinay Satish Kumar and Vishal Mangla and Vlad Ionescu and Vlad Poenaru and Vlad Tiberiu Mihailescu and Vladimir Ivanov and Wei Li and Wenchen Wang and Wenwen Jiang and Wes Bouaziz and Will Constable and Xiaocheng Tang and Xiaojian Wu and Xiaolan Wang and Xilun Wu and Xinbo Gao and Yaniv Kleinman and Yanjun Chen and Ye Hu and Ye Jia and Ye Qi and Yenda Li and Yilin Zhang and Ying Zhang and Yossi Adi and Youngjin Nam and Yu and Wang and Yu Zhao and Yuchen Hao and Yundi Qian and Yunlu Li and Yuzi He and Zach Rait and Zachary DeVito and Zef Rosnbrick and Zhaoduo Wen and Zhenyu Yang and Zhiwei Zhao and Zhiyu Ma},
      year={2024},
      eprint={2407.21783},
      archivePrefix={arXiv},
      primaryClass={cs.AI},
      url={https://arxiv.org/abs/2407.21783}, 
}

@misc{chu2025sftmemorizesrlgeneralizes,
      title={{SFT Memorizes, RL Generalizes: A Comparative Study of Foundation Model Post-training}}, 
      author={Tianzhe Chu and Yuexiang Zhai and Jihan Yang and Shengbang Tong and Saining Xie and Dale Schuurmans and Quoc V. Le and Sergey Levine and Yi Ma},
      year={2025},
      eprint={2501.17161},
      archivePrefix={arXiv},
      primaryClass={cs.AI},
      url={https://arxiv.org/abs/2501.17161}, 
}

@misc{setlur2024rlincorrectsyntheticdata,
      title={{RL on Incorrect Synthetic Data Scales the Efficiency of LLM Math Reasoning by Eight-Fold}}, 
      author={Amrith Setlur and Saurabh Garg and Xinyang Geng and Naman Garg and Virginia Smith and Aviral Kumar},
      year={2024},
      eprint={2406.14532},
      archivePrefix={arXiv},
      primaryClass={cs.LG},
      url={https://arxiv.org/abs/2406.14532}, 
}

@misc{ruan2025reasoninglearnlatentthoughts,
      title={{Reasoning to Learn from Latent Thoughts}}, 
      author={Yangjun Ruan and Neil Band and Chris J. Maddison and Tatsunori Hashimoto},
      year={2025},
      eprint={2503.18866},
      archivePrefix={arXiv},
      primaryClass={cs.LG},
      url={https://arxiv.org/abs/2503.18866}, 
}

@inproceedings{sevilla2022trends,
   title={{Compute Trends Across Three Eras of Machine Learning}},
   url={http://dx.doi.org/10.1109/IJCNN55064.2022.9891914},
   DOI={10.1109/ijcnn55064.2022.9891914},
   booktitle={2022 International Joint Conference on Neural Networks (IJCNN)},
   publisher={IEEE},
   author={Sevilla, Jaime and Heim, Lennart and Ho, Anson and Besiroglu, Tamay and Hobbhahn, Marius and Villalobos, Pablo},
   year={2022},
   month=jul, pages={1â8} }

@misc{qi2021beerqa,
      title={{Answering Open-Domain Questions of Varying Reasoning Steps from Text}}, 
      author={Peng Qi and Haejun Lee and Oghenetegiri "TG" Sido and Christopher D. Manning},
      year={2021},
      eprint={2010.12527},
      archivePrefix={arXiv},
      primaryClass={cs.CL},
      url={https://arxiv.org/abs/2010.12527}, 
}

@misc{snell2024scalingllmtesttimecompute,
      title={Scaling LLM Test-Time Compute Optimally can be More Effective than Scaling Model Parameters}, 
      author={Charlie Snell and Jaehoon Lee and Kelvin Xu and Aviral Kumar},
      year={2024},
      eprint={2408.03314},
      archivePrefix={arXiv},
      primaryClass={cs.LG},
      url={https://arxiv.org/abs/2408.03314}, 
}

@misc{gu2025surveyllmasajudge,
      title={A Survey on LLM-as-a-Judge}, 
      author={Jiawei Gu and Xuhui Jiang and Zhichao Shi and Hexiang Tan and Xuehao Zhai and Chengjin Xu and Wei Li and Yinghan Shen and Shengjie Ma and Honghao Liu and Saizhuo Wang and Kun Zhang and Yuanzhuo Wang and Wen Gao and Lionel Ni and Jian Guo},
      year={2025},
      eprint={2411.15594},
      archivePrefix={arXiv},
      primaryClass={cs.CL},
      url={https://arxiv.org/abs/2411.15594}, 
}

@misc{zheng2023judgingllmasajudgemtbenchchatbot,
      title={Judging LLM-as-a-Judge with MT-Bench and Chatbot Arena}, 
      author={Lianmin Zheng and Wei-Lin Chiang and Ying Sheng and Siyuan Zhuang and Zhanghao Wu and Yonghao Zhuang and Zi Lin and Zhuohan Li and Dacheng Li and Eric P. Xing and Hao Zhang and Joseph E. Gonzalez and Ion Stoica},
      year={2023},
      eprint={2306.05685},
      archivePrefix={arXiv},
      primaryClass={cs.CL},
      url={https://arxiv.org/abs/2306.05685}, 
}