@String(PAMI = {IEEE Trans. Pattern Anal. Mach. Intell.})
@String(IJCV = {Int. J. Comput. Vis.})
@String(CVPR= {IEEE Conf. Comput. Vis. Pattern Recog.})
@String(ICCV= {Int. Conf. Comput. Vis.})
@String(ECCV= {Eur. Conf. Comput. Vis.})
@String(NIPS= {Adv. Neural Inform. Process. Syst.})
@String(ICPR = {Int. Conf. Pattern Recog.})
@String(BMVC= {Brit. Mach. Vis. Conf.})
@String(TOG= {ACM Trans. Graph.})
@String(TIP  = {IEEE Trans. Image Process.})
@String(TVCG  = {IEEE Trans. Vis. Comput. Graph.})
@String(TMM  = {IEEE Trans. Multimedia})
@String(ACMMM= {ACM Int. Conf. Multimedia})
@String(ICME = {Int. Conf. Multimedia and Expo})
@String(ICASSP=	{ICASSP})
@String(ICIP = {IEEE Int. Conf. Image Process.})
@String(ACCV  = {ACCV})
@String(ICLR = {Int. Conf. Learn. Represent.})
@String(IJCAI = {IJCAI})
@String(PR   = {Pattern Recognition})
@String(AAAI = {AAAI})
@String(CVPRW= {IEEE Conf. Comput. Vis. Pattern Recog. Worksh.})
@String(CSVT = {IEEE Trans. Circuit Syst. Video Technol.})

@String(SPL	= {IEEE Sign. Process. Letters})
@String(VR   = {Vis. Res.})
@String(JOV	 = {J. Vis.})
@String(TVC  = {The Vis. Comput.})
@String(JCST  = {J. Comput. Sci. Tech.})
@String(CGF  = {Comput. Graph. Forum})
@String(CVM = {Computational Visual Media})


@String(PAMI  = {IEEE TPAMI})
@String(IJCV  = {IJCV})
@String(CVPR  = {CVPR})
@String(ICCV  = {ICCV})
@String(ECCV  = {ECCV})
@String(NIPS  = {NeurIPS})
@String(ICPR  = {ICPR})
@String(BMVC  =	{BMVC})
@String(TOG   = {ACM TOG})
@String(TIP   = {IEEE TIP})
@String(TVCG  = {IEEE TVCG})
@String(TCSVT = {IEEE TCSVT})
@String(TMM   =	{IEEE TMM})
@String(ACMMM = {ACM MM})
@String(ICME  =	{ICME})
@String(ICASSP=	{ICASSP})
@String(ICIP  = {ICIP})
@String(ACCV  = {ACCV})
@String(ICLR  = {ICLR})
@String(IJCAI = {IJCAI})
@String(PR = {PR})
@String(AAAI = {AAAI})
@String(CVPRW= {CVPRW})
@String(CSVT = {IEEE TCSVT})


@misc{Authors14,
 author = {FirstName LastName},
 title = {The frobnicatable foo filter},
 note = {Face and Gesture submission ID 324. Supplied as supplemental material {\tt fg324.pdf}},
 year = 2014
}

@misc{Authors14b,
 author = {FirstName LastName},
 title = {Frobnication tutorial},
 note = {Supplied as supplemental material {\tt tr.pdf}},
 year = 2014
}

@article{Alpher02,
author = {FirstName Alpher},
title = {Frobnication},
journal = PAMI,
volume = 12,
number = 1,
pages = {234--778},
year = 2002
}

@article{Alpher03,
author = {FirstName Alpher and  FirstName Fotheringham-Smythe},
title = {Frobnication revisited},
journal = {Journal of Foo},
volume = 13,
number = 1,
pages = {234--778},
year = 2003
}

@article{Alpher04,
author = {FirstName Alpher and FirstName Fotheringham-Smythe and FirstName Gamow},
title = {Can a machine frobnicate?},
journal = {Journal of Foo},
volume = 14,
number = 1,
pages = {234--778},
year = 2004
}

@inproceedings{Alpher05,
author = {FirstName Alpher and FirstName Gamow},
title = {Can a computer frobnicate?},
booktitle = CVPR,
pages = {234--778},
year = 2005
}

@article{zhang2021fairmot,
  title={Fairmot: On the fairness of detection and re-identification in multiple object tracking},
  author={Zhang, Yifu and Wang, Chunyu and Wang, Xinggang and Zeng, Wenjun and Liu, Wenyu},
  journal={International Journal of Computer Vision},
  volume={129},
  pages={3069--3087},
  year={2021},
  publisher={Springer}
}

@InProceedings{meinhardt2021trackformer,
    title={{TrackFormer:} {Multi-object} Tracking with Transformers},
    author={Tim Meinhardt and Alexander Kirillov and Laura Leal-Taixe and Christoph Feichtenhofer},
    year={2022},
    booktitle = {CVPR}
}

@inproceedings{zeng2022motr,
  title={{MOTR:} {End-to-end} Multiple-Object Tracking with Transformer},
  author={Zeng, Fangao and Dong, Bin and Zhang, Yuang and Wang, Tiancai and Zhang, Xiangyu and Wei, Yichen},
  booktitle={ECCV},
  year={2022}
}
@inproceedings{carion2020end,
  title={End-to-end object detection with transformers},
  author={Carion, Nicolas and Massa, Francisco and Synnaeve, Gabriel and Usunier, Nicolas and Kirillov, Alexander and Zagoruyko, Sergey},
  booktitle={ECCV},
  year={2020}
}
@inproceedings{ding2022end,
  title={End-to-end single shot detector using graph-based learnable duplicate removal},
  author={Ding, Shuxiao and Rehder, Eike and Schneider, Lukas and Cordts, Marius and Gall, J{\"u}rgen},
  booktitle={GCPR},
  year={2022}
}
@inproceedings{hosang2017learning,
  title={Learning non-maximum suppression},
  author={Hosang, Jan and Benenson, Rodrigo and Schiele, Bernt},
  booktitle={Proceedings of the IEEE conference on computer vision and pattern recognition},
  pages={4507--4515},
  year={2017}
}
@inproceedings{zhang2022mutr3d,
  title={{MUTR3D:} {A} Multi-camera Tracking Framework via {3D-to-2D} Queries},
  author={Zhang, Tianyuan and Chen, Xuanyao and Wang, Yue and Wang, Yilun and Zhao, Hang},
  booktitle={CVPRW},
  year={2022}
}
@inproceedings{wang2022detr3d,
  title={Detr3d: 3d object detection from multi-view images via 3d-to-2d queries},
  author={Wang, Yue and Guizilini, Vitor Campagnolo and Zhang, Tianyuan and Wang, Yilun and Zhao, Hang and Solomon, Justin},
  booktitle={Conference on Robot Learning},
  pages={180--191},
  year={2022},
  organization={PMLR}
}
@article{doll2023star,
  title={{S.T.A.R.-Track:} {Latent} Motion Models for End-to-End {3D} Object Tracking With Adaptive Spatio-Temporal Appearance Representations},
  author={Doll, Simon and Hanselmann, Niklas and Schneider, Lukas and Schulz, Richard and Enzweiler, Markus and Lensch, Hendrik P. A.},
  journal={IEEE Robotics and Automation Letters},
  year={2024},
  publisher={IEEE}
}
@inproceedings{pang2023standing,
  title={Standing Between Past and Future: Spatio-Temporal Modeling for Multi-Camera {3D} Multi-Object Tracking},
  author={Pang, Ziqi and Li, Jie and Tokmakov, Pavel and Chen, Dian and Zagoruyko, Sergey and Wang, Yu-Xiong},
  booktitle={CVPR},
  year={2023}
}
@inproceedings{bewley2016simple,
  title={Simple online and realtime tracking},
  author={Bewley, Alex and Ge, Zongyuan and Ott, Lionel and Ramos, Fabio and Upcroft, Ben},
  booktitle={ICIP},
  year={2016}
}
@article{kuhn1955hungarian,
  title={The Hungarian method for the assignment problem},
  author={Kuhn, Harold W.},
  journal={Naval Research Logistics Quarterly},
  year={1955},
  publisher={Wiley Online Library}
}
@article{aharon2022bot,
  title={{BoT-SORT:} {Robust} associations multi-pedestrian tracking},
  author={Aharon, Nir and Orfaig, Roy and Bobrovsky, Ben-Zion},
  journal={arXiv preprint arXiv:2206.14651},
  year={2022}
}
@inproceedings{cao2023observation,
  title={Observation-Centric {SORT}: {Rethinking} {SORT} for Robust Multi-Object Tracking},
  author={Cao, Jinkun and Pang, Jiangmiao and Weng, Xinshuo and Khirodkar, Rawal and Kitani, Kris},
  booktitle={CVPR},
  year={2023}
}
@article{du2023strongsort,
  title={{StrongSORT:} {Make DeepSORT} Great Again},
  author={Du, Yunhao and Zhao, Zhicheng and Song, Yang and Zhao, Yanyun and Su, Fei and Gong, Tao and Meng, Hongying},
  journal={IEEE Transactions on Multimedia},
  year={2023},
  publisher={IEEE}
}
@inproceedings{wojke2017simple,
  title={Simple online and realtime tracking with a deep association metric},
  author={Wojke, Nicolai and Bewley, Alex and Paulus, Dietrich},
  booktitle={ICIP},
  year={2017}
}
@inproceedings{zhang2022bytetrack,
  title={{ByteTrack:} {Multi-object} tracking by associating every detection box},
  author={Zhang, Yifu and Sun, Peize and Jiang, Yi and Yu, Dongdong and Weng, Fucheng and Yuan, Zehuan and Luo, Ping and Liu, Wenyu and Wang, Xinggang},
  booktitle={ECCV},
  year={2022}
}
@article{dendorfer2020mot20,
  title={{MOT20:} {A} benchmark for multi object tracking in crowded scenes},
  author={Patrick Dendorfer and
                  Hamid Rezatofighi and
                  Anton Milan and
                  Javen Shi and
                  Daniel Cremers and
                  Ian D. Reid and
                  Stefan Roth and
                  Konrad Schindler and
                  Laura Leal{-}Taix{\'{e}}},
  journal={arXiv preprint arXiv:2003.09003},
  year={2020}
}

@inproceedings{shen2022panoformer,
  title={{PanoFormer:} {Panorama} transformer for indoor 360{\textdegree} depth estimation},
  author={Shen, Zhijie and Lin, Chunyu and Liao, Kang and Nie, Lang and Zheng, Zishuo and Zhao, Yao},
  booktitle={ECCV},
  year={2022}
}

@inproceedings{zhou2020padenet,
  title={{PADENet:} {An} efficient and robust panoramic monocular depth estimation network for outdoor scenes},
  author={Zhou, Keyang and Wang, Kaiwei and Yang, Kailun},
  booktitle={ITSC},
  year={2020}
}

@article{jiang2024minimalist,
  title={Minimalist and high-quality panoramic imaging with {PSF-aware} transformers},
  author={Jiang, Qi and Gao, Shaohua and Gao, Yao and Yang, Kailun and Yi, Zhonghua and Shi, Hao and Sun, Lei and Wang, Kaiwei},
  journal={IEEE Transactions on Image Processing},
  year={2024},
  publisher={IEEE}
}

@article{jiang2022annular,
  title={Annular computational imaging: Capture clear panoramic images through simple lens},
  author={Jiang, Qi and Shi, Hao and Sun, Lei and Gao, Shaohua and Yang, Kailun and Wang, Kaiwei},
  journal={IEEE Transactions on Computational Imaging},
  year={2022},
  publisher={IEEE}
}

@article{ai2022deep,
  title={A Survey of Representation Learning, Optimization Strategies, and Applications for Omnidirectional Vision},
  author={Ai, Hao and Cao, Zidong and Wang, Lin},
  journal={International Journal of Computer Vision},
  year={2025}
}

@article{zheng2024360sfuda++,
  title={{360SFUDA++:} {Towards} Source-Free {UDA} for Panoramic Segmentation by Learning Reliable Category Prototypes},
  author={Xu Zheng and
                  Pengyuan Zhou and
                  Athanasios V. Vasilakos and
                  Lin Wang},
  journal={IEEE Transactions on Pattern Analysis and Machine Intelligence},
  year={2024},
  publisher={IEEE}
}

@inproceedings{jaus2021panoramic_panoptic,
  title={Panoramic panoptic segmentation: Towards complete surrounding understanding via unsupervised contrastive learning},
  author={Jaus, Alexander and Yang, Kailun and Stiefelhagen, Rainer},
  booktitle={IV},
  year={2021}
}

@article{jaus2023panoramic_insights,
  title={Panoramic panoptic segmentation: Insights into surrounding parsing for mobile agents via unsupervised contrastive learning},
  author={Jaus, Alexander and Yang, Kailun and Stiefelhagen, Rainer},
  journal={IEEE Transactions on Intelligent Transportation Systems},
  year={2023},
  publisher={IEEE}
}

@inproceedings{zheng2024semantics,
  title={Semantics Distortion and Style Matter: Towards Source-free {UDA} for Panoramic Segmentation},
  author={Xu Zheng and
                  Pengyuan Zhou and
                  Athanasios V. Vasilakos and
                  Lin Wang},
  booktitle={CVPR},
  year={2024}
}

@article{milan2016mot16,
  title={{MOT16:} {A} benchmark for multi-object tracking},
  author={Anton Milan and
                  Laura Leal{-}Taix{\'{e}} and
                  Ian D. Reid and
                  Stefan Roth and
                  Konrad Schindler},
  journal={arXiv preprint arXiv:1603.00831},
  year={2016}
}
@inproceedings{benbarka2021score,
  title={Score refinement for confidence-based {3D} multi-object tracking},
  author={Benbarka, Nuri and Schr{\"o}der, Jona and Zell, Andreas},
  booktitle={IROS},
  year={2021}
}
@inproceedings{chiu2021probabilistic,
  title={Probabilistic {3D} multi-modal, multi-object tracking for autonomous driving},
  author={Chiu, Hsu-kuang and Li, Jie and Ambru{\c{s}}, Rare{\c{s}} and Bohg, Jeannette},
  booktitle={ICRA},
  year={2021}
}


@article{bernardin2008evaluating,
  title={Evaluating Multiple Object Tracking Performance: {The CLEAR MOT} Metrics},
  author={Bernardin, Keni and Stiefelhagen, Rainer},
  journal={EURASIP Journal on Image and Video Processing},
  year={2008}
}

@inproceedings{ristani2016performance,
  title={Performance measures and a data set for multi-target, multi-camera tracking},
  author={Ristani, Ergys and Solera, Francesco and Zou, Roger and Cucchiara, Rita and Tomasi, Carlo},
  booktitle={ECCVW},
  year={2016}
}

@article{wang2024perf,
  title={{PERF:} {Panoramic} Neural Radiance Field From a Single Panorama},
  author={Wang, Guangcong and Wang, Peng and Chen, Zhaoxi and Wang, Wenping and Loy, Chen Change and Liu, Ziwei},
  journal={IEEE Transactions on Pattern Analysis and Machine Intelligence},
  year={2024},
  publisher={IEEE}
}

@inproceedings{zheng2024open,
  title={Open Panoramic Segmentation},
  author={Zheng, Junwei and Liu, Ruiping and Chen, Yufan and Peng, Kunyu and Wu, Chengzhi and Yang, Kailun and Zhang, Jiaming and Stiefelhagen, Rainer},
  booktitle={ECCV},
  year={2024}
}

@article{luiten2021hota,
  title={{HOTA:} {A} higher order metric for evaluating multi-object tracking},
  author={Jonathon Luiten and
                  Aljosa Osep and
                  Patrick Dendorfer and
                  Philip H. S. Torr and
                  Andreas Geiger and
                  Laura Leal{-}Taix{\'{e}} and
                  Bastian Leibe},
  journal={International Journal of Computer Vision},
  year={2021}
}
@inproceedings{chiu2021probabilistic,
  title={Probabilistic 3D multi-modal, multi-object tracking for autonomous driving},
  author={Chiu, Hsu-kuang and Li, Jie and Ambru{\c{s}}, Rare{\c{s}} and Bohg, Jeannette},
  booktitle={2021 IEEE international conference on robotics and automation (ICRA)},
  pages={14227--14233},
  year={2021},
  organization={IEEE}
}
@inproceedings{li2023poly,
  title={Poly-mot: A polyhedral framework for 3d multi-object tracking},
  author={Li, Xiaoyu and Xie, Tao and Liu, Dedong and Gao, Jinghan and Dai, Kun and Jiang, Zhiqiang and Zhao, Lijun and Wang, Ke},
  booktitle={2023 IEEE/RSJ International Conference on Intelligent Robots and Systems (IROS)},
  pages={9391--9398},
  year={2023},
  organization={IEEE}
}
@inproceedings{pang2022simpletrack,
  title={Simpletrack: Understanding and rethinking 3d multi-object tracking},
  author={Pang, Ziqi and Li, Zhichao and Wang, Naiyan},
  booktitle={European Conference on Computer Vision},
  pages={680--696},
  year={2022},
  organization={Springer}
}

#==========3. PASCAL-Context=========
@inproceedings{mottaghi2014role,
  title={The role of context for object detection and semantic segmentation in the wild},
  author={Mottaghi, Roozbeh and Chen, Xianjie and Liu, Xiaobai and Cho, Nam-Gyu and Lee, Seong-Whan and Fidler, Sanja and Urtasun, Raquel and Yuille, Alan},
  booktitle={CVPR},
  pages={891--898},
  year={2014}
}

#==========4. Cityscapes=========
@inproceedings{cityscapes,
  title={The cityscapes dataset for semantic urban scene understanding},
  author={Cordts, Marius and Omran, Mohamed and Ramos, Sebastian and Rehfeld, Timo and Enzweiler, Markus and Benenson, Rodrigo and Franke, Uwe and Roth, Stefan and Schiele, Bernt},
  booktitle={CVPR},
  year={2016}
}

#==========5. PASCAL VOC 2012=========
@article{pascalvoc,
  title={The pascal visual object classes (voc) challenge},
  author={Everingham, Mark and Van Gool, Luc and Williams, Christopher KI and Winn, John and Zisserman, Andrew},
  journal={International journal of computer vision},
  volume={88},
  number={2},
  pages={303--338},
  year={2010},
  publisher={Springer}
}

#==========6. Microsoft COCO=========
@inproceedings{coco,
  title={Microsoft {COCO}: {Common} objects in context},
  author={Lin, Tsung-Yi and Maire, Michael and Belongie, Serge and Hays, James and Perona, Pietro and Ramanan, Deva and Doll{\'a}r, Piotr and Zitnick, C Lawrence},
  booktitle={ECCV},
  year={2014}
}

#==========7. ADE20K=========
@inproceedings{ade20k,
    title={Scene Parsing through ADE20K Dataset},
    author={Zhou, Bolei and Zhao, Hang and Puig, Xavier and Fidler, Sanja and Barriuso, Adela and Torralba, Antonio},
    booktitle={CVPR},
    year={2017}
}

@inproceedings{panopticsegmentation,
  title={Panoptic segmentation},
  author={Kirillov, Alexander and He, Kaiming and Girshick, Ross and Rother, Carsten and Doll{\'a}r, Piotr},
  booktitle={CVPR},
  pages={9404--9413},
  year={2019}
}

@inproceedings{vipseg,
  title={Large-scale video panoptic segmentation in the wild: A benchmark},
  author={Miao, Jiaxu and Wang, Xiaohan and Wu, Yu and Li, Wei and Zhang, Xu and Wei, Yunchao and Yang, Yi},
  booktitle={CVPR},
  year={2022}
}
@inproceedings{step,
  title={{STEP:} {Segmenting} and Tracking Every Pixel},
  author={Mark Weber and
                  Jun Xie and
                  Maxwell D. Collins and
                  Yukun Zhu and
                  Paul Voigtlaender and
                  Hartwig Adam and
                  Bradley Green and
                  Andreas Geiger and
                  Bastian Leibe and
                  Daniel Cremers and
                  Aljosa Osep and
                  Laura Leal{-}Taix{\'{e}} and
                  Liang{-}Chieh Chen},
  booktitle={NeurIPS},
  year={2021}
}
@inproceedings{waymo,
  title={Waymo open dataset: Panoramic video panoptic segmentation},
  author={Mei, Jieru and Zhu, Alex Zihao and Yan, Xinchen and Yan, Hang and Qiao, Siyuan and Chen, Liang-Chieh and Kretzschmar, Henrik},
  booktitle={ECCV},
  year={2022}
}
@inproceedings{semantickitti,
  title={{SemanticKITTI:} {A} Dataset for Semantic Scene Understanding of {LiDAR} Sequences},
  author={Jens Behley and
                  Martin Garbade and
                  Andres Milioto and
                  Jan Quenzel and
                  Sven Behnke and
                  Cyrill Stachniss and
                  J{\"{u}}rgen Gall},
  booktitle={ICCV},
  year={2019}
}


@inproceedings{le2024jrdb,
  title={{JRDB-PanoTrack:} {An} Open-world Panoptic Segmentation and Tracking Robotic Dataset in Crowded Human Environments},
  author={Le, Duy Tho and Gou, Chenhui and Datta, Stavya and Shi, Hengcan and Reid, Ian and Cai, Jianfei and Rezatofighi, Hamid},
  booktitle={CVPR},
  year={2024}
}
@article{wang2023camo,
  title={Camo-mot: Combined appearance-motion optimization for 3d multi-object tracking with camera-lidar fusion},
  author={Wang, Li and Zhang, Xinyu and Qin, Wenyuan and Li, Xiaoyu and Gao, Jinghan and Yang, Lei and Li, Zhiwei and Li, Jun and Zhu, Lei and Wang, Hong and others},
  journal={IEEE Transactions on Intelligent Transportation Systems},
  volume={24},
  number={11},
  pages={11981--11996},
  year={2023},
  publisher={IEEE}
}
@article{wang2021immortal,
  title={Immortal tracker: Tracklet never dies},
  author={Wang, Qitai and Chen, Yuntao and Pang, Ziqi and Wang, Naiyan and Zhang, Zhaoxiang},
  journal={arXiv preprint arXiv:2111.13672},
  year={2021}
}
@inproceedings{weng20203d,
  title={3d multi-object tracking: A baseline and new evaluation metrics},
  author={Weng, Xinshuo and Wang, Jianren and Held, David and Kitani, Kris},
  booktitle={2020 IEEE/RSJ International Conference on Intelligent Robots and Systems (IROS)},
  pages={10359--10366},
  year={2020},
  organization={IEEE}
}

@inproceedings{braso2020learning,
  title={Learning a neural solver for multiple object tracking},
  author={Bras{\'o}, Guillem and Leal-Taix{\'e}, Laura},
  booktitle={Proceedings of the IEEE/CVF conference on computer vision and pattern recognition},
  pages={6247--6257},
  year={2020}
}
@inproceedings{cheng2023rest,
  title={Rest: A reconfigurable spatial-temporal graph model for multi-camera multi-object tracking},
  author={Cheng, Cheng-Che and Qiu, Min-Xuan and Chiang, Chen-Kuo and Lai, Shang-Hong},
  booktitle={Proceedings of the IEEE/CVF International Conference on Computer Vision},
  pages={10051--10060},
  year={2023}
}
@inproceedings{nguyen2022lmgp,
  title={Lmgp: Lifted multicut meets geometry projections for multi-camera multi-object tracking},
  author={Nguyen, Duy MH and Henschel, Roberto and Rosenhahn, Bodo and Sonntag, Daniel and Swoboda, Paul},
  booktitle={Proceedings of the IEEE/CVF Conference on Computer Vision and Pattern Recognition},
  pages={8866--8875},
  year={2022}
}
@inproceedings{nguyen2022lmgp,
  title={Lmgp: Lifted multicut meets geometry projections for multi-camera multi-object tracking},
  author={Nguyen, Duy MH and Henschel, Roberto and Rosenhahn, Bodo and Sonntag, Daniel and Swoboda, Paul},
  booktitle={Proceedings of the IEEE/CVF Conference on Computer Vision and Pattern Recognition},
  pages={8866--8875},
  year={2022}
}
@article{rangesh2021trackmpnn,
  title={Trackmpnn: A message passing graph neural architecture for multi-object tracking},
  author={Rangesh, Akshay and Maheshwari, Pranav and Gebre, Mez and Mhatre, Siddhesh and Ramezani, Vahid and Trivedi, Mohan M},
  journal={arXiv preprint arXiv:2101.04206},
  year={2021}
}
@article{zaech2022learnable,
  title={Learnable online graph representations for 3d multi-object tracking},
  author={Zaech, Jan-Nico and Liniger, Alexander and Dai, Dengxin and Danelljan, Martin and Van Gool, Luc},
  journal={IEEE Robotics and Automation Letters},
  volume={7},
  number={2},
  pages={5103--5110},
  year={2022},
  publisher={IEEE}
}
@inproceedings{chu2023transmot,
  title={Transmot: Spatial-temporal graph transformer for multiple object tracking},
  author={Chu, Peng and Wang, Jiang and You, Quanzeng and Ling, Haibin and Liu, Zicheng},
  booktitle={Proceedings of the IEEE/CVF Winter Conference on applications of computer vision},
  pages={4870--4880},
  year={2023}
}
@inproceedings{ding2022end,
  title={End-to-end single shot detector using graph-based learnable duplicate removal},
  author={Ding, Shuxiao and Rehder, Eike and Schneider, Lukas and Cordts, Marius and Gall, J{\"u}rgen},
  booktitle={DAGM German Conference on Pattern Recognition},
  pages={375--389},
  year={2022},
  organization={Springer}
}
@inproceedings{zhou2022global,
  title={Global tracking transformers},
  author={Zhou, Xingyi and Yin, Tianwei and Koltun, Vladlen and Kr{\"a}henb{\"u}hl, Philipp},
  booktitle={Proceedings of the IEEE/CVF Conference on Computer Vision and Pattern Recognition},
  pages={8771--8780},
  year={2022}
}

@inproceedings{wang2022detr3d,
  title={Detr3d: 3d object detection from multi-view images via 3d-to-2d queries},
  author={Wang, Yue and Guizilini, Vitor Campagnolo and Zhang, Tianyuan and Wang, Yilun and Zhao, Hang and Solomon, Justin},
  booktitle={Conference on Robot Learning},
  pages={180--191},
  year={2022},
  organization={PMLR}
}
@article{sun2020transtrack,
  title={Transtrack: Multiple object tracking with transformer},
  author={Sun, Peize and Cao, Jinkun and Jiang, Yi and Zhang, Rufeng and Xie, Enze and Yuan, Zehuan and Wang, Changhu and Luo, Ping},
  journal={arXiv preprint arXiv:2012.15460},
  year={2020}
}
@article{xu2022transcenter,
  title={TransCenter: Transformers with dense representations for multiple-object tracking},
  author={Xu, Yihong and Ban, Yutong and Delorme, Guillaume and Gan, Chuang and Rus, Daniela and Alameda-Pineda, Xavier},
  journal={IEEE transactions on pattern analysis and machine intelligence},
  volume={45},
  number={6},
  pages={7820--7835},
  year={2022},
  publisher={IEEE}
}
@inproceedings{zhao2022tracking,
  title={Tracking objects as pixel-wise distributions},
  author={Zhao, Zelin and Wu, Ze and Zhuang, Yueqing and Li, Boxun and Jia, Jiaya},
  booktitle={European Conference on Computer Vision},
  pages={76--94},
  year={2022},
  organization={Springer}
}
@inproceedings{li2022time3d,
  title={Time3d: End-to-end joint monocular 3d object detection and tracking for autonomous driving},
  author={Li, Peixuan and Jin, Jieyu},
  booktitle={Proceedings of the IEEE/CVF conference on computer vision and pattern recognition},
  pages={3885--3894},
  year={2022}
}
@inproceedings{li2023end,
  title={End-to-end {3D} tracking with decoupled queries},
  author={Yanwei Li and
                  Zhiding Yu and
                  Jonah Philion and
                  Anima Anandkumar and
                  Sanja Fidler and
                  Jiaya Jia and
                  Jose Alvarez},
  booktitle={ICCV},
  year={2023}
}
@article{martin2021jrdb,
  title={{JRDB:} {A} Dataset and Benchmark of Egocentric Robot Visual Perception of Humans in Built Environments},
  author={Roberto Mart{\'{\i}}n{-}Mart{\'{\i}}n and
                  Mihir Patel and
                  Hamid Rezatofighi and
                  Abhijeet Shenoi and
                  JunYoung Gwak and
                  Eric Frankel and
                  Amir Sadeghian and
                  Silvio Savarese},
  journal={IEEE Transactions on Pattern Analysis and Machine Intelligence},
  year={2023},
  publisher={IEEE}
}

% 360 segmentation
@inproceedings{teng2024360bev,
  title={{360BEV:} {Panoramic} Semantic Mapping for Indoor Bird's-Eye View},
  author={Teng, Zhifeng and Zhang, Jiaming and Yang, Kailun and Peng, Kunyu and Shi, Hao and Rei{\ss}, Simon and Cao, Ke and Stiefelhagen, Rainer},
  booktitle={WACV},
  year={2024}
}

% 360 segmentation
@article{zhang2024behind,
  title={Behind every domain there is a shift: Adapting distortion-aware vision transformers for panoramic semantic segmentation},
  author={Zhang, Jiaming and Yang, Kailun and Shi, Hao and Rei{\ss}, Simon and Peng, Kunyu and Ma, Chaoxiang and Fu, Haodong and Torr, Philip H. S. and Wang, Kaiwei and Stiefelhagen, Rainer},
  journal={IEEE Transactions on Pattern Analysis and Machine Intelligence},
  year={2024},
  publisher={IEEE}
}

% 360 segmentation
@inproceedings{cao2024occlusion,
  title={Occlusion-Aware Seamless Segmentation},
  author={Cao, Yihong and Zhang, Jiaming and Shi, Hao and Peng, Kunyu and Zhang, Yuhongxuan and Zhang, Hui and Stiefelhagen, Rainer and Yang, Kailun},
  booktitle={ECCV},
  year={2024}
}

% 360 depth
@article{jiang2021unifuse,
  title={{UniFuse:} {Unidirectional} Fusion for 360{\textdegree} Panorama Depth Estimation},
  author={Jiang, Hualie and Sheng, Zhe and Zhu, Siyu and Dong, Zilong and Huang, Rui},
  journal={IEEE Robotics and Automation Letters},
  year={2021},
  publisher={IEEE}
}

% 360 depth
@article{wang2022bifuse++,
  title={{BiFuse++:} {Self-supervised} and Efficient Bi-Projection Fusion for 360{\textdegree} Depth Estimation},
  author={Wang, Fu-En and Yeh, Yu-Hsuan and Tsai, Yi-Hsuan and Chiu, Wei-Chen and Sun, Min},
  journal={IEEE Transactions on Pattern Analysis and Machine Intelligence},
  year={2023},
  publisher={IEEE}
}

% 360 depth
@inproceedings{ai2024elite360d,
  title={{Elite360D:} {Towards} Efficient 360 Depth Estimation via Semantic-and Distance-Aware Bi-Projection Fusion},
  author={Ai, Hao and Wang, Lin},
  booktitle={CVPR},
  year={2024}
}

@inproceedings{yu2023panelnet,
  title={{PanelNet:} {Understanding} 360 Indoor Environment via Panel Representation},
  author={Yu, Haozheng and He, Lu and Jian, Bing and Feng, Weiwei and Liu, Shan},
  booktitle={CVPR},
  year={2023}
}

@inproceedings{yan2023panovos,
  title={{PanoVOS:} {Bridging} Non-panoramic and Panoramic Views with Transformer for Video Segmentation},
  author={Yan, Shilin and Xu, Xiaohao and Zhang, Renrui and Hong, Lingyi and Chen, Wenchao and Zhang, Wenqiang and Zhang, Wei},
  booktitle={ECCV},
  year={2024}
}

@inproceedings{shen2023disentangling,
  title={Disentangling orthogonal planes for indoor panoramic room layout estimation with cross-scale distortion awareness},
  author={Shen, Zhijie and Zheng, Zishuo and Lin, Chunyu and Nie, Lang and Liao, Kang and Zheng, Shuai and Zhao, Yao},
  booktitle={CVPR},
  year={2023}
}

@inproceedings{zhou2025dreamscene360,
  title={{DreamScene360:} {Unconstrained} Text-to-{3D} Scene Generation with Panoramic Gaussian Splatting},
  author={Zhou, Shijie and Fan, Zhiwen and Xu, Dejia and Chang, Haoran and Chari, Pradyumna and Bharadwaj, Tejas and You, Suya and Wang, Zhangyang and Kadambi, Achuta},
  booktitle={ECCV},
  year={2024}
}

@inproceedings{chang2023depth_neural,
  title={Depth estimation from indoor panoramas with neural scene representation},
  author={Chang, Wenjie and Zhang, Yueyi and Xiong, Zhiwei},
  booktitle={CVPR},
  year={2023}
}

@inproceedings{dong2024panocontext,
  title={{PanoContext-Former:} {Panoramic} total scene understanding with a transformer},
  author={Dong, Yuan and Fang, Chuan and Bo, Liefeng and Dong, Zilong and Tan, Ping},
  booktitle={CVPR},
  year={2024}
}

@inproceedings{chen2024360+,
  title={{360+x:} {A} Panoptic Multi-modal Scene Understanding Dataset},
  author={Chen, Hao and Hou, Yuqi and Qu, Chenyuan and Testini, Irene and Hong, Xiaohan and Jiao, Jianbo},
  booktitle={CVPR},
  year={2024}
}

% 360 depth
@article{bai2024glpanodepth,
  title={{GLPanoDepth:} {Global-to-local} Panoramic Depth Estimation},
  author={Bai, Jiayang and Qin, Haoyu and Lai, Shuichang and Guo, Jie and Guo, Yanwen},
  journal={IEEE Transactions on Image Processing},
  year={2024},
  publisher={IEEE}
}

% 360 flow
@article{shi2023panoflow,
  title={{PanoFlow:} {Learning} 360{\textdegree} Optical Flow for Surrounding Temporal Understanding},
  author={Shi, Hao and Zhou, Yifan and Yang, Kailun and Yin, Xiaoting and Wang, Ze and Ye, Yaozu and Yin, Zhe and Meng, Shi and Li, Peng and Wang, Kaiwei},
  journal={IEEE Transactions on Intelligent Transportation Systems},
  year={2023},
  publisher={IEEE}
}

% 360 flow
@inproceedings{li2022deep,
  title={Deep 360{\textdegree} Optical Flow Estimation Based on Multi-projection Fusion},
  author={Li, Yiheng and Barnes, Connelly and Huang, Kun and Zhang, Fang-Lue},
  booktitle={ECCV},
  year={2022}
}

@inproceedings{ling2023panoswin,
  title={{PanoSwin:} {a} Pano-style Swin Transformer for Panorama Understanding},
  author={Ling, Zhixin and Xing, Zhen and Zhou, Xiangdong and Cao, Manliang and Zhou, Guichun},
  booktitle={CVPR},
  year={2023}
}

% 360 etc
@inproceedings{wang2024360dvd,
  title={{360DVD:} {Controllable} Panorama Video Generation with 360-Degree Video Diffusion Model},
  author={Wang, Qian and Li, Weiqi and Mou, Chong and Cheng, Xinhua and Zhang, Jian},
  booktitle={CVPR},
  year={2024}
}

% 360 etc
@inproceedings{park2024fully,
  title={Fully-Automatic Reflection Removal for 360-Degree Images},
  author={Park, Jonghyuk and Kim, Hyeona and Park, Eunpil and Sim, Jae-Young},
  booktitle={WACV},
  year={2024}
}

@inproceedings{kim2024fully,
  title={Fully Geometric Panoramic Localization},
  author={Kim, Junho and Jeong, Jiwon and Kim, Young Min},
  booktitle={CVPR},
  year={2024}
}

@inproceedings{fan2024learned,
  title={Learned Scanpaths Aid Blind Panoramic Video Quality Assessment},
  author={Fan, Kanglong and Wen, Wen and Li, Mu and Peng, Yifan and Ma, Kede},
  booktitle={CVPR},
  year={2024}
}

% 360 tracking
@article{jiang2021500,
  title={{500-Fps} Omnidirectional Visual Tracking Using Three-Axis Active Vision System},
  author={Jiang, Mingjun and Sogabe, Ryo and Shimasaki, Kohei and Hu, Shaopeng and Senoo, Taku and Ishii, Idaku},
  journal={IEEE Transactions on Instrumentation and Measurement},
  year={2021},
  publisher={IEEE}
}

% 360 tracking
@inproceedings{huang2023360vot,
  title={{360VOT:} {A} New Benchmark Dataset for Omnidirectional Visual Object Tracking},
  author={Huang, Huajian and Xu, Yinzhe and Chen, Yingshu and Yeung, Sai-Kit},
  booktitle={ICCV},
  year={2023}
}

% 360 tracking
@article{xu2024360vots,
  title={{360VOTS:} {Visual} Object Tracking and Segmentation in Omnidirectional Videos},
  author={Xu, Yinzhe and Huang, Huajian and Chen, Yingshu and Yeung, Sai-Kit},
  journal={arXiv preprint arXiv:2404.13953},
  year={2024}
}

% 360Loc
@inproceedings{huang2024360loc,
  title={{360Loc:} {A} Dataset and Benchmark for Omnidirectional Visual Localization with Cross-device Queries},
  author={Huang, Huajian and Liu, Changkun and Zhu, Yipeng and Cheng, Hui and Braud, Tristan and Yeung, Sai-Kit},
  booktitle={CVPR},
  year={2024}
}


% omni tracking
@inproceedings{hong2024onetracker,
  title={Onetracker: Unifying visual object tracking with foundation models and efficient tuning},
  author={Hong, Lingyi and Yan, Shilin and Zhang, Renrui and Li, Wanyun and Zhou, Xinyu and Guo, Pinxue and Jiang, Kaixun and Chen, Yiting and Li, Jinglun and Chen, Zhaoyu and others},
  booktitle={Proceedings of the IEEE/CVF Conference on Computer Vision and Pattern Recognition},
  pages={19079--19091},
  year={2024}
}

% omni tracking
@article{wang2023omnitracker,
  title={{OmniTracker:} {Unifying} object tracking by tracking-with-detection},
  author={Wang, Junke and Chen, Dongdong and Wu, Zuxuan and Luo, Chong and Dai, Xiyang and Yuan, Lu and Jiang, Yu-Gang},
  journal={arXiv preprint arXiv:2303.12079},
  year={2023}
}

% pano review
@article{gao2022review,
  title={Review on panoramic imaging and its applications in scene understanding},
  author={Gao, Shaohua and Yang, Kailun and Shi, Hao and Wang, Kaiwei and Bai, Jian},
  journal={IEEE Transactions on Instrumentation and Measurement},
  year={2022},
  publisher={IEEE}
}


@article{yi2024ucmc,
  title={{UCMCTrack:} {Multi-object} Tracking with Uniform Camera Motion Compensation},
  journal={AAAI}, 
  author={Yi, Kefu and Luo, Kai and Luo, Xiaolei and Huang, Jiangui and Wu, Hao and Hu, Rongdong and Hao, Wei},
  year={2024}
}


@inproceedings{peize2021dance,
  title   =  {{DanceTrack:} {Multi-object} Tracking in Uniform Appearance and Diverse Motion},
  author  =  {Peize Sun and Jinkun Cao and Yi Jiang and Zehuan Yuan and Song Bai and Kris Kitani and Ping Luo},
  booktitle =  {CVPR},
  year    =  {2022}
}

@inproceedings{zhang2023motrv2,
  title={{MOTRv2:} {Bootstrapping} End-to-End Multi-Object Tracking by Pretrained Object Detectors},
  author={Zhang, Yuang and Wang, Tiancai and Zhang, Xiangyu},
  booktitle={CVPR},
  year={2023}
}

@InProceedings{MeMOTR,
    author    = {Gao, Ruopeng and Wang, Limin},
    title     = {{MeMOTR}: {Long-term} Memory-Augmented Transformer for Multi-Object Tracking},
    booktitle = {ICCV},
    year      = {2023}
}

@InProceedings{Lu_2024_CVPR,
    author    = {Lu, Zijia and Shuai, Bing and Chen, Yanbei and Xu, Zhenlin and Modolo, Davide},
    title     = {Self-Supervised Multi-Object Tracking with Path Consistency},
    booktitle = {CVPR},
    year      = {2024}
}

@inproceedings{qin2024towards,
      title={Towards Generalizable Multi-Object Tracking},
      author={Qin, Zheng and Wang, Le and Zhou, Sanping and Fu, Panpan and Hua, Gang and Tang, Wei},
      booktitle={CVPR},
      year={2024}
}

@InProceedings{Chen_2024_CVPR,
    author    = {Chen, Sijia and Yu, En and Li, Jinyang and Tao, Wenbing},
    title     = {Delving into the Trajectory Long-tail Distribution for Muti-object Tracking},
    booktitle = {CVPR},
    year      = {2024}
}

@inproceedings{lv2024diffmot,
  title={{DiffMOT:} {A} Real-time Diffusion-based Multiple Object Tracker with Non-linear Prediction},
  author={Lv, Weiyi and Huang, Yuhang and Zhang, Ning and Lin, Ruei-Sung and Han, Mei and Zeng, Dan},
  booktitle={CVPR},
  year={2024}
}


@inproceedings{cui2023sportsmot,
  title={{SportsMOT:} {A} Large Multi-Object Tracking Dataset in Multiple Sports Scenes},
  author={Cui, Yutao and Zeng, Chenkai and Zhao, Xiaoyu and Yang, Yichun and Wu, Gangshan and Wang, Limin},
  booktitle={ICCV},
  year={2023}
}

@InProceedings{bdd100k,
    author = {Yu, Fisher and Chen, Haofeng and Wang, Xin and Xian, Wenqi and Chen,
              Yingying and Liu, Fangchen and Madhavan, Vashisht and Darrell, Trevor},
    title = {{BDD100K:} {A} Diverse Driving Dataset for Heterogeneous Multitask Learning},
    booktitle = {CVPR},
    year = {2020}
}

@InProceedings{Sun_2020_CVPR, 
    author = {Sun, Pei and Kretzschmar, Henrik and Dotiwalla, Xerxes and Chouard, Aurelien and Patnaik, Vijaysai and Tsui, Paul and Guo, James and Zhou, Yin and Chai, Yuning and Caine, Benjamin and Vasudevan, Vijay and Han, Wei and Ngiam, Jiquan and Zhao, Hang and Timofeev, Aleksei and Ettinger, Scott and Krivokon, Maxim and Gao, Amy and Joshi, Aditya and Zhang, Yu and Shlens, Jonathon and Chen, Zhifeng and Anguelov, Dragomir}, 
    title = {Scalability in Perception for Autonomous Driving: Waymo Open Dataset}, 
    booktitle = {CVPR}, 
    year = {2020} 
}

 @article{yolox2021,
  title={{YOLOX:} {Exceeding} {YOLO} Series in 2021},
  author={Ge, Zheng and Liu, Songtao and Wang, Feng and Li, Zeming and Sun, Jian},
  journal={arXiv preprint arXiv:2107.08430},
  year={2021}
}

@article{MOTIP,
  title={Multiple Object Tracking as {ID} Prediction},
  author={Gao, Ruopeng and Zhang, Yijun and Wang, Limin},
  journal={arXiv preprint arXiv:2403.16848},
  year={2024}
}

@inproceedings{li2023panogen,
  title={{PanoGen:} {Text-conditioned} Panoramic Environment Generation for Vision-and-Language Navigation},
  author={Li, Jialu and Bansal, Mohit},
  booktitle={NeurIPS},
  year={2023}
}

@InProceedings{He_2016_CVPR,
author = {He, Kaiming and Zhang, Xiangyu and Ren, Shaoqing and Sun, Jian},
title = {Deep Residual Learning for Image Recognition},
booktitle = {CVPR},
year = {2016}
}

@inproceedings{lv2023detrs,
      title={{DETRs} Beat {YOLOs} on Real-time Object Detection},
      author={Yian Zhao and Wenyu Lv and Shangliang Xu and Jinman Wei and Guanzhong Wang and Qingqing Dang and Yi Liu and Jie Chen},
      year={2024},
      booktitle={CVPR}
}

@inproceedings{caesar2020nuscenes,
  title={{nuScenes:} {A} Multimodal Dataset for Autonomous Driving},
  author={Holger Caesar and
                  Varun Bankiti and
                  Alex H. Lang and
                  Sourabh Vora and
                  Venice Erin Liong and
                  Qiang Xu and
                  Anush Krishnan and
                  Yu Pan and
                  Giancarlo Baldan and
                  Oscar Beijbom},
  booktitle={CVPR},
  year={2020}
}

@inproceedings{mamba2,
  title={Transformers are {SSM}s: {Generalized} Models and Efficient Algorithms Through Structured State Space Duality},
  author={Dao, Tri and Gu, Albert},
  booktitle={ICML},
  year={2024}
}


@inproceedings{dai16rfcn,
    author = {Jifeng Dai and
                  Yi Li and
                  Kaiming He and
                  Jian Sun},
    title = {{R-FCN}: Object Detection via Region-based Fully Convolutional Networks},
    booktitle = {NeurIPS},
    Year = {2016}
}

@inproceedings{ehsanpour2022jrdb_act,
  title={{JRDB-Act:} {A} Large-scale Dataset for Spatio-temporal Action, Social Group and Activity Detection},
  author={Mahsa Ehsanpour and
                  Fatemeh Sadat Saleh and
                  Silvio Savarese and
                  Ian D. Reid and
                  Hamid Rezatofighi},
  booktitle={CVPR},
  year={2022}
}

@inproceedings{shi2023panovpr,
  title={{PanoVPR:} {Towards} Unified Perspective-to-Equirectangular Visual Place Recognition via Sliding Windows across the Panoramic View},
  author={Shi, Ze and Shi, Hao and Yang, Kailun and Yin, Zhe and Lin, Yining and Wang, Kaiwei},
  booktitle={ITSC},
  year={2023}
}

@inproceedings{han2022panoramic_activity,
  title={Panoramic human activity recognition},
  author={Han, Ruize and Yan, Haomin and Li, Jiacheng and Wang, Songmiao and Feng, Wei and Wang, Song},
  booktitle={ECCV},
  year={2022}
}

@inproceedings{yang2024hybrid,
  title={{Hybrid-SORT:} {Weak} Cues Matter for Online Multi-Object Tracking},
  author={Yang, Mingzhan and Han, Guangxin and Yan, Bin and Zhang, Wenhua and Qi, Jinqing and Lu, Huchuan and Wang, Dong},
  booktitle={AAAI},
  year={2024}
}

@article{geiger2013vision,
  title={Vision meets robotics: {The} {KITTI} dataset},
  author={Geiger, Andreas and Lenz, Philip and Stiller, Christoph and Urtasun, Raquel},
  journal={The International Journal of Robotics Research},
  year={2013},
  publisher={Sage Publications Sage UK: London, England}
}

@InProceedings{Dai_2017_ICCV,
author = {Dai, Jifeng and Qi, Haozhi and Xiong, Yuwen and Li, Yi and Zhang, Guodong and Hu, Han and Wei, Yichen},
title = {Deformable Convolutional Networks},
booktitle = {ICCV},
year = {2017}
}


@InProceedings{Lin_2024_CVPR,
    author    = {Lin, Cing-Jia and Su, Jheng-Wei and Hsiao, Kai-Wen and Yen, Ting-Yu and Yao, Chih-Yuan and Chu, Hung-Kuo},
    title     = {{DQ-HorizonNet:} {Enhancing} Door Detection Accuracy in Panoramic Images via Dynamic Quantization},
    booktitle = {CVPRW},
    year      = {2024}
}

@InProceedings{Wen_2024_CVPR,
    author    = {Wen, Yuqing and Zhao, Yucheng and Liu, Yingfei and Jia, Fan and Wang, Yanhui and Luo, Chong and Zhang, Chi and Wang, Tiancai and Sun, Xiaoyan and Zhang, Xiangyu},
    title     = {Panacea: Panoramic and Controllable Video Generation for Autonomous Driving},
    booktitle = {CVPR},
    year      = {2024}
}

@article{van2024visual,
  title={Visual route following for tiny autonomous robots},
  author={Tom van Dijk and Christophe De Wagter and Guido C. H. E. de Croon},
  journal={Science Robotics},
  year={2024},
  publisher={American Association for the Advancement of Science}
}

@article{wu2024effect,
  title={The effect of {AR-HUD} takeover assistance types on driver situation awareness in highly automated driving: A 360-degree panorama experiment},
  author={Wu, Zhendong and Zhao, Lintao and Liu, Guocui and Chai, Jingchun and Huang, Jierui and Ai, Xiaoqun},
  journal={International Journal of Human-Computer Interaction},
  year={2024},
  publisher={Taylor \& Francis}
}

@inproceedings{vaswani2017attention,
  title={Attention is all you need},
  author={Ashish Vaswani and
                  Noam Shazeer and
                  Niki Parmar and
                  Jakob Uszkoreit and
                  Llion Jones and
                  Aidan N. Gomez and
                  Lukasz Kaiser and
                  Illia Polosukhin},
  booktitle={NeurIPS},
  year={2017}
}

@inproceedings{yang2020ds,
  title={{DS-PASS:} {Detail-sensitive} panoramic annular semantic segmentation through {SwaftNet} for surrounding sensing},
  author={Yang, Kailun and Hu, Xinxin and Chen, Hao and Xiang, Kaite and Wang, Kaiwei and Stiefelhagen, Rainer},
  booktitle={IV},
  year={2020}
}

@article{lin2024echotrack,
  title={{EchoTrack:} {Auditory} Referring Multi-Object Tracking for Autonomous Driving},
  author={Lin, Jiacheng and Chen, Jiajun and Peng, Kunyu and He, Xuan and Li, Zhiyong and Stiefelhagen, Rainer and Yang, Kailun},
  journal={IEEE Transactions on Intelligent Transportation Systems},
  year={2024}
}

@inproceedings{kingma2014adam,
  title={Adam: A method for stochastic optimization},
  author={Diederik P. Kingma and
                  Jimmy Ba},
  booktitle={ICLR},
  year={2015}
}

@inproceedings{yang2023hard,
  title={Hard to track objects with irregular motions and similar appearances? {Make} it easier by buffering the matching space},
  author={Yang, Fan and Odashima, Shigeyuki and Masui, Shoichi and Jiang, Shan},
  booktitle={WACV},
  year={2023}
}

@InProceedings{Du_2024_CVPR,
    author    = {Du, Yunhao and Lei, Cheng and Zhao, Zhicheng and Su, Fei},
    title     = {{iKUN:} {Speak} to Trackers without Retraining},
    booktitle = {CVPR},
    year      = {2024}
}



@inproceedings{nettrack2024cvpr,
    title={{NetTrack:} {Tracking} Dynamic Objects with a Net},
    author={Guangze Zheng and Shijie Lin and Haobo Zuo and Changhong Fu and Jia Pan},
    booktitle={CVPR},
    year={2024},
}

@inproceedings{ding2024adatrack,
  title={{ADA-Track:} {End-to-end} Multi-Camera {3D} Multi-Object Tracking with Alternating Detection and Association},
  author={Ding, Shuxiao and Schneider, Lukas and Cordts, Marius and Gall, Juergen},
  booktitle={CVPR},
  year={2024}
}

@inproceedings{huang2024deconfusetrack,
  title={{DeconfuseTrack:} {Dealing} with Confusion for Multi-Object Tracking},
  author={Huang, Cheng and Han, Shoudong and He, Mengyu and Zheng, Wenbo and Wei, Yuhao},
  booktitle={CVPR},
  year={2024}
}

@inproceedings{li2023ovtrack,
  title={{OVTrack:} {Open-vocabulary} Multiple Object Tracking},
  author={Li, Siyuan and Fischer, Tobias and Ke, Lei and Ding, Henghui and Danelljan, Martin and Yu, Fisher},
  booktitle={CVPR},
  year={2023}
}

@inproceedings{qin2023motiontrack,
  title={{MotionTrack:} {Learning} Robust Short-Term and Long-Term Motions for Multi-Object Tracking},
  author={Qin, Zheng and Zhou, Sanping and Wang, Le and Duan, Jinghai and Hua, Gang and Tang, Wei},
  booktitle={CVPR},
  year={2023}
}

@inproceedings{redmon2016you,
  title={You Only Look Once: Unified, Real-Time Object Detection},
  author={Joseph Redmon and
                  Santosh Kumar Divvala and
                  Ross B. Girshick and
                  Ali Farhadi},
  booktitle={CVPR},
  year={2016}
}

@article{he2020fastreid,
  title={{FastReID:} {A} Pytorch Toolbox for General Instance Re-identification},
  author={He, Lingxiao and Liao, Xingyu and Liu, Wu and Liu, Xinchen and Cheng, Peng and Mei, Tao},
  journal={arXiv preprint arXiv:2006.02631},
  year={2020}
}

@misc{yolo11,
  title = {{YOLO} Vision},
  author = {Ultralytics},
  howpublished = {\url{https://github.com/ultralytics/ultralytics}},
  note = {Accessed: 2024-11-10},
  year={2024}
}

@misc{cvat,
  title = {Computer Vision Annotation Tool {(CVAT)}},
  author = {CVAT.ai},
  howpublished = {\url{https://github.com/cvat-ai/cvat}},
  note = {Accessed: 2024-11-10},
  year={2024}
}

@inproceedings{zhu2020deformable,
  title={Deformable {DETR}: {Deformable} transformers for end-to-end object detection},
  author={Zhu, Xizhou and Su, Weijie and Lu, Lewei and Li, Bin and Wang, Xiaogang and Dai, Jifeng},
  booktitle={ICLR},
  year={2021}
}