@String(PAMI = {IEEE Trans. Pattern Anal. Mach. Intell.})
@String(IJCV = {Int. J. Comput. Vis.})
@String(CVPR= {IEEE Conf. Comput. Vis. Pattern Recog.})
@String(ICCV= {Int. Conf. Comput. Vis.})
@String(ECCV= {Eur. Conf. Comput. Vis.})
@String(NIPS= {Adv. Neural Inform. Process. Syst.})
@String(ICPR = {Int. Conf. Pattern Recog.})
@String(BMVC= {Brit. Mach. Vis. Conf.})
@String(TOG= {ACM Trans. Graph.})
@String(TIP  = {IEEE Trans. Image Process.})
@String(TVCG  = {IEEE Trans. Vis. Comput. Graph.})
@String(TMM  = {IEEE Trans. Multimedia})
@String(ACMMM= {ACM Int. Conf. Multimedia})
@String(ICME = {Int. Conf. Multimedia and Expo})
@String(ICASSP=	{ICASSP})
@String(ICIP = {IEEE Int. Conf. Image Process.})
@String(ACCV  = {ACCV})
@String(ICLR = {Int. Conf. Learn. Represent.})
@String(IJCAI = {IJCAI})
@String(PR   = {Pattern Recognition})
@String(AAAI = {AAAI})
@String(CVPRW= {IEEE Conf. Comput. Vis. Pattern Recog. Worksh.})
@String(CSVT = {IEEE Trans. Circuit Syst. Video Technol.})

@String(SPL	= {IEEE Sign. Process. Letters})
@String(VR   = {Vis. Res.})
@String(JOV	 = {J. Vis.})
@String(TVC  = {The Vis. Comput.})
@String(JCST  = {J. Comput. Sci. Tech.})
@String(CGF  = {Comput. Graph. Forum})
@String(CVM = {Computational Visual Media})


@String(PAMI  = {IEEE TPAMI})
@String(IJCV  = {IJCV})
@String(CVPR  = {CVPR})
@String(ICCV  = {ICCV})
@String(ECCV  = {ECCV})
@String(NIPS  = {NeurIPS})
@String(ICPR  = {ICPR})
@String(BMVC  =	{BMVC})
@String(TOG   = {ACM TOG})
@String(TIP   = {IEEE TIP})
@String(TVCG  = {IEEE TVCG})
@String(TCSVT = {IEEE TCSVT})
@String(TMM   =	{IEEE TMM})
@String(ACMMM = {ACM MM})
@String(ICME  =	{ICME})
@String(ICASSP=	{ICASSP})
@String(ICIP  = {ICIP})
@String(ACCV  = {ACCV})
@String(ICLR  = {ICLR})
@String(IJCAI = {IJCAI})
@String(PR = {PR})
@String(AAAI = {AAAI})
@String(CVPRW= {CVPRW})
@String(CSVT = {IEEE TCSVT})

@misc{schult2023controlroom3droomgenerationusing,
      title={ControlRoom3D: Room Generation using Semantic Proxy Rooms}, 
      author={Jonas Schult and Sam Tsai and Lukas Höllein and Bichen Wu and Jialiang Wang and Chih-Yao Ma and Kunpeng Li and Xiaofang Wang and Felix Wimbauer and Zijian He and Peizhao Zhang and Bastian Leibe and Peter Vajda and Ji Hou},
      year={2023},
      eprint={2312.05208},
      archivePrefix={arXiv},
      primaryClass={cs.CV},
      url={https://arxiv.org/abs/2312.05208}, 
}

@misc{sarch2022tideetidyingnovelrooms,
      title={TIDEE: Tidying Up Novel Rooms using Visuo-Semantic Commonsense Priors}, 
      author={Gabriel Sarch and Zhaoyuan Fang and Adam W. Harley and Paul Schydlo and Michael J. Tarr and Saurabh Gupta and Katerina Fragkiadaki},
      year={2022},
      eprint={2207.10761},
      archivePrefix={arXiv},
      primaryClass={cs.CV},
      url={https://arxiv.org/abs/2207.10761}, 
}

@misc{arandjelović2016netvladcnnarchitectureweakly,
      title={NetVLAD: CNN architecture for weakly supervised place recognition}, 
      author={Relja Arandjelović and Petr Gronat and Akihiko Torii and Tomas Pajdla and Josef Sivic},
      year={2016},
      eprint={1511.07247},
      archivePrefix={arXiv},
      primaryClass={cs.CV},
      url={https://arxiv.org/abs/1511.07247}, 
}

@misc{hausler2021patchnetvladmultiscalefusionlocallyglobal,
      title={Patch-NetVLAD: Multi-Scale Fusion of Locally-Global Descriptors for Place Recognition}, 
      author={Stephen Hausler and Sourav Garg and Ming Xu and Michael Milford and Tobias Fischer},
      year={2021},
      eprint={2103.01486},
      archivePrefix={arXiv},
      primaryClass={cs.CV},
      url={https://arxiv.org/abs/2103.01486}, 
}

@misc{keetha2023anylocuniversalvisualplace,
      title={AnyLoc: Towards Universal Visual Place Recognition}, 
      author={Nikhil Keetha and Avneesh Mishra and Jay Karhade and Krishna Murthy Jatavallabhula and Sebastian Scherer and Madhava Krishna and Sourav Garg},
      year={2023},
      eprint={2308.00688},
      archivePrefix={arXiv},
      primaryClass={cs.CV},
      url={https://arxiv.org/abs/2308.00688}, 
}

@misc{xu2023clusvprefficientvisualplace,
      title={ClusVPR: Efficient Visual Place Recognition with Clustering-based Weighted Transformer}, 
      author={Yifan Xu and Pourya Shamsolmoali and Jie Yang},
      year={2023},
      eprint={2310.04099},
      archivePrefix={arXiv},
      primaryClass={cs.CV},
      url={https://arxiv.org/abs/2310.04099}, 
}

@misc{cai2022patchnetvladlearnedpatchdescriptor,
      title={Patch-NetVLAD+: Learned patch descriptor and weighted matching strategy for place recognition}, 
      author={Yingfeng Cai and Junqiao Zhao and Jiafeng Cui and Fenglin Zhang and Chen Ye and Tiantian Feng},
      year={2022},
      eprint={2202.05738},
      archivePrefix={arXiv},
      primaryClass={cs.CV},
      url={https://arxiv.org/abs/2202.05738}, 
}

@misc{aryan2023airlocobjectbasedindoorrelocalization,
      title={AirLoc: Object-based Indoor Relocalization}, 
      author={Aryan and Bowen Li and Sebastian Scherer and Yun-Jou Lin and Chen Wang},
      year={2023},
      eprint={2304.00954},
      archivePrefix={arXiv},
      primaryClass={cs.CV},
      url={https://arxiv.org/abs/2304.00954}, 
}

@article{Lowe2004DistinctiveIF,
  title={Distinctive Image Features from Scale-Invariant Keypoints},
  author={David G. Lowe},
  journal={International Journal of Computer Vision},
  year={2004},
  volume={60},
  pages={91-110},
  url={https://api.semanticscholar.org/CorpusID:174065}
}

@InProceedings{10.1007/11744023_32,
author="Bay, Herbert
and Tuytelaars, Tinne
and Van Gool, Luc",
editor="Leonardis, Ale{\v{s}}
and Bischof, Horst
and Pinz, Axel",
title="SURF: Speeded Up Robust Features",
booktitle="Computer Vision -- ECCV 2006",
year="2006",
publisher="Springer Berlin Heidelberg",
address="Berlin, Heidelberg",
pages="404--417",
abstract="In this paper, we present a novel scale- and rotation-invariant interest point detector and descriptor, coined SURF (Speeded Up Robust Features). It approximates or even outperforms previously proposed schemes with respect to repeatability, distinctiveness, and robustness, yet can be computed and compared much faster.",
isbn="978-3-540-33833-8"
}

@article{BAY2008346,
title = {Speeded-Up Robust Features (SURF)},
journal = {Computer Vision and Image Understanding},
volume = {110},
number = {3},
pages = {346-359},
year = {2008},
note = {Similarity Matching in Computer Vision and Multimedia},
issn = {1077-3142},
doi = {https://doi.org/10.1016/j.cviu.2007.09.014},
url = {https://www.sciencedirect.com/science/article/pii/S1077314207001555},
author = {Herbert Bay and Andreas Ess and Tinne Tuytelaars and Luc {Van Gool}},
keywords = {Interest points, Local features, Feature description, Camera calibration, Object recognition},
abstract = {This article presents a novel scale- and rotation-invariant detector and descriptor, coined SURF (Speeded-Up Robust Features). SURF approximates or even outperforms previously proposed schemes with respect to repeatability, distinctiveness, and robustness, yet can be computed and compared much faster. This is achieved by relying on integral images for image convolutions; by building on the strengths of the leading existing detectors and descriptors (specifically, using a Hessian matrix-based measure for the detector, and a distribution-based descriptor); and by simplifying these methods to the essential. This leads to a combination of novel detection, description, and matching steps. The paper encompasses a detailed description of the detector and descriptor and then explores the effects of the most important parameters. We conclude the article with SURF’s application to two challenging, yet converse goals: camera calibration as a special case of image registration, and object recognition. Our experiments underline SURF’s usefulness in a broad range of topics in computer vision.}
}

@misc{cao2020unifyingdeeplocalglobal,
      title={Unifying Deep Local and Global Features for Image Search}, 
      author={Bingyi Cao and Andre Araujo and Jack Sim},
      year={2020},
      eprint={2001.05027},
      archivePrefix={arXiv},
      primaryClass={cs.CV},
      url={https://arxiv.org/abs/2001.05027}, 
}

@misc{radenović2018finetuningcnnimageretrieval,
      title={Fine-tuning CNN Image Retrieval with No Human Annotation}, 
      author={Filip Radenović and Giorgos Tolias and Ondřej Chum},
      year={2018},
      eprint={1711.02512},
      archivePrefix={arXiv},
      primaryClass={cs.CV},
      url={https://arxiv.org/abs/1711.02512}, 
}

@article{Wan2014DeepLF,
  title={Deep Learning for Content-Based Image Retrieval: A Comprehensive Study},
  author={Ji Wan and Dayong Wang and Steven C. H. Hoi and Pengcheng Wu and Jianke Zhu and Yongdong Zhang and Jintao Li},
  journal={Proceedings of the 22nd ACM international conference on Multimedia},
  year={2014},
  url={https://api.semanticscholar.org/CorpusID:207217044}
}

@article{10.1145/1348246.1348248,
author = {Datta, Ritendra and Joshi, Dhiraj and Li, Jia and Wang, James Z.},
title = {Image retrieval: Ideas, influences, and trends of the new age},
year = {2008},
issue_date = {April 2008},
publisher = {Association for Computing Machinery},
address = {New York, NY, USA},
volume = {40},
number = {2},
issn = {0360-0300},
url = {https://doi.org/10.1145/1348246.1348248},
doi = {10.1145/1348246.1348248},
abstract = {We have witnessed great interest and a wealth of promise in content-based image retrieval as an emerging technology. While the last decade laid foundation to such promise, it also paved the way for a large number of new techniques and systems, got many new people involved, and triggered stronger association of weakly related fields. In this article, we survey almost 300 key theoretical and empirical contributions in the current decade related to image retrieval and automatic image annotation, and in the process discuss the spawning of related subfields. We also discuss significant challenges involved in the adaptation of existing image retrieval techniques to build systems that can be useful in the real world. In retrospect of what has been achieved so far, we also conjecture what the future may hold for image retrieval research.},
journal = {ACM Comput. Surv.},
month = may,
articleno = {5},
numpages = {60},
keywords = {tagging, modeling, learning, annotation, Content-based image retrieval}
}

@misc{he2015deepresiduallearningimage,
      title={Deep Residual Learning for Image Recognition}, 
      author={Kaiming He and Xiangyu Zhang and Shaoqing Ren and Jian Sun},
      year={2015},
      eprint={1512.03385},
      archivePrefix={arXiv},
      primaryClass={cs.CV},
      url={https://arxiv.org/abs/1512.03385}, 
}

@misc{oquab2024dinov2learningrobustvisual,
      title={DINOv2: Learning Robust Visual Features without Supervision}, 
      author={Maxime Oquab and Timothée Darcet and Théo Moutakanni and Huy Vo and Marc Szafraniec and Vasil Khalidov and Pierre Fernandez and Daniel Haziza and Francisco Massa and Alaaeldin El-Nouby and Mahmoud Assran and Nicolas Ballas and Wojciech Galuba and Russell Howes and Po-Yao Huang and Shang-Wen Li and Ishan Misra and Michael Rabbat and Vasu Sharma and Gabriel Synnaeve and Hu Xu and Hervé Jegou and Julien Mairal and Patrick Labatut and Armand Joulin and Piotr Bojanowski},
      year={2024},
      eprint={2304.07193},
      archivePrefix={arXiv},
      primaryClass={cs.CV},
      url={https://arxiv.org/abs/2304.07193}, 
}

@INPROCEEDINGS{6126544,
  author={Rublee, Ethan and Rabaud, Vincent and Konolige, Kurt and Bradski, Gary},
  booktitle={2011 International Conference on Computer Vision}, 
  title={ORB: An efficient alternative to SIFT or SURF}, 
  year={2011},
  volume={},
  number={},
  pages={2564-2571},
  keywords={Boats},
  doi={10.1109/ICCV.2011.6126544}
}

@misc{alibey2023mixvprfeaturemixingvisual,
      title={MixVPR: Feature Mixing for Visual Place Recognition}, 
      author={Amar Ali-bey and Brahim Chaib-draa and Philippe Giguère},
      year={2023},
      eprint={2303.02190},
      archivePrefix={arXiv},
      primaryClass={cs.CV},
      url={https://arxiv.org/abs/2303.02190}, 
}

@misc{li2023semanticsamsegmentrecognizegranularity,
      title={Semantic-SAM: Segment and Recognize Anything at Any Granularity}, 
      author={Feng Li and Hao Zhang and Peize Sun and Xueyan Zou and Shilong Liu and Jianwei Yang and Chunyuan Li and Lei Zhang and Jianfeng Gao},
      year={2023},
      eprint={2307.04767},
      archivePrefix={arXiv},
      primaryClass={cs.CV},
      url={https://arxiv.org/abs/2307.04767}, 
}

@misc{he2018maskrcnn,
      title={Mask R-CNN}, 
      author={Kaiming He and Georgia Gkioxari and Piotr Dollár and Ross Girshick},
      year={2018},
      eprint={1703.06870},
      archivePrefix={arXiv},
      primaryClass={cs.CV},
      url={https://arxiv.org/abs/1703.06870}, 
}

@misc{caron2021emergingpropertiesselfsupervisedvision,
      title={Emerging Properties in Self-Supervised Vision Transformers}, 
      author={Mathilde Caron and Hugo Touvron and Ishan Misra and Hervé Jégou and Julien Mairal and Piotr Bojanowski and Armand Joulin},
      year={2021},
      eprint={2104.14294},
      archivePrefix={arXiv},
      primaryClass={cs.CV},
      url={https://arxiv.org/abs/2104.14294}, 
}

@ARTICLE{7339473,
  author={Lowry, Stephanie and Sünderhauf, Niko and Newman, Paul and Leonard, John J. and Cox, David and Corke, Peter and Milford, Michael J.},
  journal={IEEE Transactions on Robotics}, 
  title={Visual Place Recognition: A Survey}, 
  year={2016},
  volume={32},
  number={1},
  pages={1-19},
  keywords={Robot sensing systems;Visualization;Navigation;Animals;Conferences;Computer vision;Visual place recognition;place recognition;Visual place recognition;place recognition},
  doi={10.1109/TRO.2015.2496823}
}

@inproceedings{Snderhauf2015PlaceRW,
  title={Place Recognition with ConvNet Landmarks: Viewpoint-Robust, Condition-Robust, Training-Free},
  author={Niko S{\"u}nderhauf and Sareh Abolahrari Shirazi and Adam Jacobson and Feras Dayoub and Edward Pepperell and Ben Upcroft and Michael Milford},
  booktitle={Robotics: Science and Systems},
  year={2015},
  url={https://api.semanticscholar.org/CorpusID:5437340}
}

@misc{sattler2019understandinglimitationscnnbasedabsolute,
      title={Understanding the Limitations of CNN-based Absolute Camera Pose Regression}, 
      author={Torsten Sattler and Qunjie Zhou and Marc Pollefeys and Laura Leal-Taixe},
      year={2019},
      eprint={1903.07504},
      archivePrefix={arXiv},
      primaryClass={cs.CV},
      url={https://arxiv.org/abs/1903.07504}, 
}

@misc{kornblith2019betterimagenetmodelstransfer,
      title={Do Better ImageNet Models Transfer Better?}, 
      author={Simon Kornblith and Jonathon Shlens and Quoc V. Le},
      year={2019},
      eprint={1805.08974},
      archivePrefix={arXiv},
      primaryClass={cs.CV},
      url={https://arxiv.org/abs/1805.08974}, 
}

@article{zheng2018sift,
  title={SIFT meets CNN: A decade survey of instance retrieval},
  author={Zheng, Lingxi and Zheng, Yi and Yang, Yi},
  journal={IEEE Transactions on Pattern Analysis and Machine Intelligence},
  volume={40},
  number={5},
  pages={1224--1244},
  year={2018},
  publisher={IEEE}
}

@inproceedings{zhong2017reranking,
  title={Re-ranking Person Re-identification with k-Reciprocal Encoding},
  author={Zhong, Zhun and Zheng, Liang and Cao, Dengpan and Li, Shaozi},
  booktitle={Proceedings of the IEEE Conference on Computer Vision and Pattern Recognition},
  pages={1318--1327},
  year={2017}
}

@ARTICLE{1498756,
  author={Mikolajczyk, K. and Schmid, C.},
  journal={IEEE Transactions on Pattern Analysis and Machine Intelligence}, 
  title={A performance evaluation of local descriptors}, 
  year={2005},
  volume={27},
  number={10},
  pages={1615-1630},
  keywords={Detectors;Filters;Robustness;Image recognition;Information retrieval;Image retrieval;Performance evaluation;Layout;Image databases;Spatial databases;Index Terms- Local descriptors;interest points;interest regions;invariance;matching;recognition.},
  doi={10.1109/TPAMI.2005.188}
}

@misc{sarlin2020supergluelearningfeaturematching,
      title={SuperGlue: Learning Feature Matching with Graph Neural Networks}, 
      author={Paul-Edouard Sarlin and Daniel DeTone and Tomasz Malisiewicz and Andrew Rabinovich},
      year={2020},
      eprint={1911.11763},
      archivePrefix={arXiv},
      primaryClass={cs.CV},
      url={https://arxiv.org/abs/1911.11763}, 
}

@misc{lindenberger2023lightgluelocalfeaturematching,
      title={LightGlue: Local Feature Matching at Light Speed}, 
      author={Philipp Lindenberger and Paul-Edouard Sarlin and Marc Pollefeys},
      year={2023},
      eprint={2306.13643},
      archivePrefix={arXiv},
      primaryClass={cs.CV},
      url={https://arxiv.org/abs/2306.13643}, 
}

@misc{yeshwanth2023scannethighfidelitydataset3d,
      title={ScanNet++: A High-Fidelity Dataset of 3D Indoor Scenes}, 
      author={Chandan Yeshwanth and Yueh-Cheng Liu and Matthias Nießner and Angela Dai},
      year={2023},
      eprint={2308.11417},
      archivePrefix={arXiv},
      primaryClass={cs.CV},
      url={https://arxiv.org/abs/2308.11417}, 
}

@INPROCEEDINGS{5206537,
  author={Quattoni, Ariadna and Torralba, Antonio},
  booktitle={2009 IEEE Conference on Computer Vision and Pattern Recognition}, 
  title={Recognizing indoor scenes}, 
  year={2009},
  volume={},
  number={},
  pages={413-420},
  keywords={Layout},
  doi={10.1109/CVPR.2009.5206537}
}

@INPROCEEDINGS{7801503,
  author={Sahdev, Raghavender and Tsotsos, John K.},
  booktitle={2016 13th Conference on Computer and Robot Vision (CRV)}, 
  title={Indoor Place Recognition System for Localization of Mobile Robots}, 
  year={2016},
  volume={},
  number={},
  pages={53-60},
  keywords={Gabor filters;Histograms;Robot kinematics;Mobile robots;Visualization;Real-time systems;place recognition;place categorization;HOUP;local binary patterns;support vector machines},
  doi={10.1109/CRV.2016.38}
}

@article{Matterport3D,
  title={Matterport3D: Learning from RGB-D Data in Indoor Environments},
  author={Chang, Angel and Dai, Angela and Funkhouser, Thomas and Halber, Maciej and Niessner, Matthias and Savva, Manolis and Song, Shuran and Zeng, Andy and Zhang, Yinda},
  journal={International Conference on 3D Vision (3DV)},
  year={2017}
}

@inproceedings{ramakrishnan2021hm3d,
  title={Habitat-Matterport 3D Dataset ({HM}3D): 1000 Large-scale 3D Environments for Embodied {AI}},
  author={Santhosh Kumar Ramakrishnan and Aaron Gokaslan and Erik Wijmans and Oleksandr Maksymets and Alexander Clegg and John M Turner and Eric Undersander and Wojciech Galuba and Andrew Westbury and Angel X Chang and Manolis Savva and Yili Zhao and Dhruv Batra},
  booktitle={Thirty-fifth Conference on Neural Information Processing Systems Datasets and Benchmarks Track},
  year={2021},
  url={https://arxiv.org/abs/2109.08238}
}

@inproceedings{xiazamirhe2018gibsonenv,
  title={Gibson {Env}: real-world perception for embodied agents},
  author={Xia, Fei and R. Zamir, Amir and He, Zhiyang and Sax, Alexander and Malik, Jitendra and Savarese, Silvio},
  booktitle={Computer Vision and Pattern Recognition (CVPR), 2018 IEEE Conference on},
  year={2018},
  organization={IEEE}
}

@article{replica19arxiv,
  title =   {The {R}eplica Dataset: A Digital Replica of Indoor Spaces},
  author =  {Julian Straub and Thomas Whelan and Lingni Ma and Yufan Chen and Erik Wijmans and Simon Green and Jakob J. Engel and Raul Mur-Artal and Carl Ren and Shobhit Verma and Anton Clarkson and Mingfei Yan and Brian Budge and Yajie Yan and Xiaqing Pan and June Yon and Yuyang Zou and Kimberly Leon and Nigel Carter and Jesus Briales and  Tyler Gillingham and  Elias Mueggler and Luis Pesqueira and Manolis Savva and Dhruv Batra and Hauke M. Strasdat and Renzo De Nardi and Michael Goesele and Steven Lovegrove and Richard Newcombe },
  journal = {arXiv preprint arXiv:1906.05797},
  year =    {2019}
}

@misc{puig2023habitat3,
      title  = {Habitat 3.0: A Co-Habitat for Humans, Avatars and Robots},
      author = {Xavi Puig and Eric Undersander and Andrew Szot and Mikael Dallaire Cote and Ruslan Partsey and Jimmy Yang and Ruta Desai and Alexander William Clegg and Michal Hlav\'{a}c and Tiffany Min and Theo Gervet and Vladim\'{i}r Vondru\v{s} and Vincent-Pierre Berges and John Turner and Oleksandr Maksymets and Zsolt Kira and Mrinal Kalakrishnan and Jitendra Malik and Devendra Singh Chaplot and Unnat Jain and Dhruv Batra and Akshara Rai and Roozbeh Mottaghi},
      year={2023},
      archivePrefix={arXiv},
}

@inproceedings{szot2021habitat,
  title     =     {Habitat 2.0: Training Home Assistants to Rearrange their Habitat},
  author    =     {Andrew Szot and Alex Clegg and Eric Undersander and Erik Wijmans and Yili Zhao and John Turner and Noah Maestre and Mustafa Mukadam and Devendra Chaplot and Oleksandr Maksymets and Aaron Gokaslan and Vladimir Vondrus and Sameer Dharur and Franziska Meier and Wojciech Galuba and Angel Chang and Zsolt Kira and Vladlen Koltun and Jitendra Malik and Manolis Savva and Dhruv Batra},
  booktitle =     {Advances in Neural Information Processing Systems (NeurIPS)},
  year      =     {2021}
}

@inproceedings{habitat19iccv,
  title     =     {Habitat: {A} {P}latform for {E}mbodied {AI} {R}esearch},
  author    =     {Manolis Savva and Abhishek Kadian and Oleksandr Maksymets and Yili Zhao and Erik Wijmans and Bhavana Jain and Julian Straub and Jia Liu and Vladlen Koltun and Jitendra Malik and Devi Parikh and Dhruv Batra},
  booktitle =     {Proceedings of the IEEE/CVF International Conference on Computer Vision (ICCV)},
  year      =     {2019}
}

@misc{radford2021learningtransferablevisualmodels,
      title={Learning Transferable Visual Models From Natural Language Supervision}, 
      author={Alec Radford and Jong Wook Kim and Chris Hallacy and Aditya Ramesh and Gabriel Goh and Sandhini Agarwal and Girish Sastry and Amanda Askell and Pamela Mishkin and Jack Clark and Gretchen Krueger and Ilya Sutskever},
      year={2021},
      eprint={2103.00020},
      archivePrefix={arXiv},
      primaryClass={cs.CV},
      url={https://arxiv.org/abs/2103.00020}, 
}

@book{tan2005introduction,
  title={Introduction to Data Mining},
  author={Tan, Pang-Ning and Steinbach, Michael and Kumar, Vipin},
  year={2005},
  publisher={Addison-Wesley}
}

@misc{lee2022correlationverificationimageretrieval,
      title={Correlation Verification for Image Retrieval}, 
      author={Seongwon Lee and Hongje Seong and Suhyeon Lee and Euntai Kim},
      year={2022},
      eprint={2204.01458},
      archivePrefix={arXiv},
      primaryClass={cs.CV},
      url={https://arxiv.org/abs/2204.01458}, 
}

@misc{dosovitskiy2021imageworth16x16words,
      title={An Image is Worth 16x16 Words: Transformers for Image Recognition at Scale}, 
      author={Alexey Dosovitskiy and Lucas Beyer and Alexander Kolesnikov and Dirk Weissenborn and Xiaohua Zhai and Thomas Unterthiner and Mostafa Dehghani and Matthias Minderer and Georg Heigold and Sylvain Gelly and Jakob Uszkoreit and Neil Houlsby},
      year={2021},
      eprint={2010.11929},
      archivePrefix={arXiv},
      primaryClass={cs.CV},
      url={https://arxiv.org/abs/2010.11929}, 
}

@misc{zhao2024dynamicsceneunderstandingobjectcentric,
      title={Dynamic Scene Understanding through Object-Centric Voxelization and Neural Rendering}, 
      author={Yanpeng Zhao and Yiwei Hao and Siyu Gao and Yunbo Wang and Xiaokang Yang},
      year={2024},
      eprint={2407.20908},
      archivePrefix={arXiv},
      primaryClass={cs.CV},
      url={https://arxiv.org/abs/2407.20908}, 
}

@misc{lee2017roomnetendtoendroomlayout,
      title={RoomNet: End-to-End Room Layout Estimation}, 
      author={Chen-Yu Lee and Vijay Badrinarayanan and Tomasz Malisiewicz and Andrew Rabinovich},
      year={2017},
      eprint={1703.06241},
      archivePrefix={arXiv},
      primaryClass={cs.CV},
      url={https://arxiv.org/abs/1703.06241}, 
}

@book{10.5555/1370949,
author = {Berg, Mark de and Cheong, Otfried and Kreveld, Marc van and Overmars, Mark},
title = {Computational Geometry: Algorithms and Applications},
year = {2008},
isbn = {3540779736},
publisher = {Springer-Verlag TELOS},
address = {Santa Clara, CA, USA},
edition = {3rd ed.},
abstract = {This well-accepted introduction to computational geometry is a textbook for high-level undergraduate and low-level graduate courses. The focus is on algorithms and hence the book is well suited for students in computer science and engineering. Motivation is provided from the application areas: all solutions and techniques from computational geometry are related to particular applications in robotics, graphics, CAD/CAM, and geographic information systems. For students this motivation will be especially welcome. Modern insights in computational geometry are used to provide solutions that are both efficient and easy to understand and implement. All the basic techniques and topics from computational geometry, as well as several more advanced topics, are covered. The book is largely self-contained and can be used for self-study by anyone with a basic background in algorithms. In this third edition, besides revisions to the second edition, new sections discussing Voronoi diagrams of line segments, farthest-point Voronoi diagrams, and realistic input models have been added.}
}

@misc{taira2018inlocindoorvisuallocalization,
      title={InLoc: Indoor Visual Localization with Dense Matching and View Synthesis}, 
      author={Hajime Taira and Masatoshi Okutomi and Torsten Sattler and Mircea Cimpoi and Marc Pollefeys and Josef Sivic and Tomas Pajdla and Akihiko Torii},
      year={2018},
      eprint={1803.10368},
      archivePrefix={arXiv},
      primaryClass={cs.CV},
      url={https://arxiv.org/abs/1803.10368}, 
}

@inproceedings{Structured3D,
  title     = {Structured3D: A Large Photo-realistic Dataset for Structured 3D Modeling},
  author    = {Jia Zheng and Junfei Zhang and Jing Li and Rui Tang and Shenghua Gao and Zihan Zhou},
  booktitle = {Proceedings of The European Conference on Computer Vision (ECCV)},
  year      = {2020}
}