@inproceedings{dpr,
  author       = {Vladimir Karpukhin and
                  Barlas Oguz and
                  Sewon Min and
                  Patrick S. H. Lewis and
                  Ledell Wu and
                  Sergey Edunov and
                  Danqi Chen and
                  Wen{-}tau Yih},
  title        = {Dense Passage Retrieval for Open-Domain Question Answering},
  booktitle    = {{EMNLP} {(1)}},
  pages        = {6769--6781},
  publisher    = {Association for Computational Linguistics},
  year         = {2020}
}

@article{e5,
  author       = {Liang Wang and
                  Nan Yang and
                  Xiaolong Huang and
                  Binxing Jiao and
                  Linjun Yang and
                  Daxin Jiang and
                  Rangan Majumder and
                  Furu Wei},
  title        = {Text Embeddings by Weakly-Supervised Contrastive Pre-training},
  journal      = {CoRR},
  volume       = {abs/2212.03533},
  year         = {2022}
}

@article{flashrag,
  author       = {Jiajie Jin and
                  Yutao Zhu and
                  Xinyu Yang and
                  Chenghao Zhang and
                  Zhicheng Dou},
  title        = {FlashRAG: {A} Modular Toolkit for Efficient Retrieval-Augmented Generation
                  Research},
  journal      = {CoRR},
  volume       = {abs/2405.13576},
  year         = {2024}
}

@article{hybridflow,
  author       = {Guangming Sheng and
                  Chi Zhang and
                  Zilingfeng Ye and
                  Xibin Wu and
                  Wang Zhang and
                  Ru Zhang and
                  Yanghua Peng and
                  Haibin Lin and
                  Chuan Wu},
  title        = {HybridFlow: {A} Flexible and Efficient {RLHF} Framework},
  journal      = {CoRR},
  volume       = {abs/2409.19256},
  year         = {2024}
}

@article{wikidata,
  author       = {Denny Vrandecic and
                  Markus Kr{\"{o}}tzsch},
  title        = {Wikidata: a free collaborative knowledgebase},
  journal      = {Commun. {ACM}},
  volume       = {57},
  number       = {10},
  pages        = {78--85},
  year         = {2014}
}

@inproceedings{2wiki,
  author       = {Xanh Ho and
                  Anh{-}Khoa Duong Nguyen and
                  Saku Sugawara and
                  Akiko Aizawa},
  title        = {Constructing {A} Multi-hop {QA} Dataset for Comprehensive Evaluation
                  of Reasoning Steps},
  booktitle    = {{COLING}},
  pages        = {6609--6625},
  publisher    = {International Committee on Computational Linguistics},
  year         = {2020}
}

@inproceedings{hotpotqa,
  author       = {Zhilin Yang and
                  Peng Qi and
                  Saizheng Zhang and
                  Yoshua Bengio and
                  William W. Cohen and
                  Ruslan Salakhutdinov and
                  Christopher D. Manning},
  title        = {HotpotQA: {A} Dataset for Diverse, Explainable Multi-hop Question
                  Answering},
  booktitle    = {{EMNLP}},
  pages        = {2369--2380},
  publisher    = {Association for Computational Linguistics},
  year         = {2018}
}

@article{musique,
  author       = {Harsh Trivedi and
                  Niranjan Balasubramanian and
                  Tushar Khot and
                  Ashish Sabharwal},
  title        = {MuSiQue: Multihop Questions via Single-hop Question
                  Composition},
  journal      = {Trans. Assoc. Comput. Linguistics},
  volume       = {10},
  pages        = {539--554},
  year         = {2022}
}

@article{retrieval-survey,
  author       = {Wayne Xin Zhao and
                  Jing Liu and
                  Ruiyang Ren and
                  Ji{-}Rong Wen},
  title        = {Dense Text Retrieval Based on Pretrained Language Models: {A} Survey},
  journal      = {{ACM} Trans. Inf. Syst.},
  volume       = {42},
  number       = {4},
  pages        = {89:1--89:60},
  year         = {2024}
}

@article{deepseekmath,
  author       = {Zhihong Shao and
                  Peiyi Wang and
                  Qihao Zhu and
                  Runxin Xu and
                  Junxiao Song and
                  Mingchuan Zhang and
                  Y. K. Li and
                  Y. Wu and
                  Daya Guo},
  title        = {DeepSeekMath: Pushing the Limits of Mathematical Reasoning in Open
                  Language Models},
  journal      = {CoRR},
  volume       = {abs/2402.03300},
  year         = {2024}
}

@inproceedings{selfask,
  author       = {Ofir Press and
                  Muru Zhang and
                  Sewon Min and
                  Ludwig Schmidt and
                  Noah A. Smith and
                  Mike Lewis},
  title        = {Measuring and Narrowing the Compositionality Gap in Language Models},
  booktitle    = {{EMNLP} (Findings)},
  pages        = {5687--5711},
  publisher    = {Association for Computational Linguistics},
  year         = {2023}
}

@article{test-time-scaling,
  author       = {Charlie Snell and
                  Jaehoon Lee and
                  Kelvin Xu and
                  Aviral Kumar},
  title        = {Scaling {LLM} Test-Time Compute Optimally can be More Effective than
                  Scaling Model Parameters},
  journal      = {CoRR},
  volume       = {abs/2408.03314},
  year         = {2024}
}

@article{s1,
  author       = {Niklas Muennighoff and
                  Zitong Yang and
                  Weijia Shi and
                  Xiang Lisa Li and
                  Li Fei{-}Fei and
                  Hannaneh Hajishirzi and
                  Luke Zettlemoyer and
                  Percy Liang and
                  Emmanuel J. Cand{\`{e}}s and
                  Tatsunori Hashimoto},
  title        = {s1: Simple test-time scaling},
  journal      = {CoRR},
  volume       = {abs/2501.19393},
  year         = {2025}
}

@inproceedings{star,
  author       = {Eric Zelikman and
                  Yuhuai Wu and
                  Jesse Mu and
                  Noah D. Goodman},
  title        = {STaR: Bootstrapping Reasoning With Reasoning},
  booktitle    = {NeurIPS},
  year         = {2022}
}

@inproceedings{cot,
  author       = {Jason Wei and
                  Xuezhi Wang and
                  Dale Schuurmans and
                  Maarten Bosma and
                  Brian Ichter and
                  Fei Xia and
                  Ed H. Chi and
                  Quoc V. Le and
                  Denny Zhou},
  title        = {Chain-of-Thought Prompting Elicits Reasoning in Large Language Models},
  booktitle    = {NeurIPS},
  year         = {2022}
}

@misc{claude-37-sonnet,
  author = {{Anthropic}},
  title = {Claude 3.7 Sonnet and Claude Code},
  year = {2025},
  url = {https://www.anthropic.com/news/claude-3-7-sonnet},
}

@misc{openai-o1,
  author = {{OpenAI}},
  title = {Learning to Reason with {LLMs}},
  year = {2024},
  url = {https://openai.com/index/learning-to-reason-with-llms},
}

@article{crag,
  author       = {Shi{-}Qi Yan and
                  Jia{-}Chen Gu and
                  Yun Zhu and
                  Zhen{-}Hua Ling},
  title        = {Corrective Retrieval Augmented Generation},
  journal      = {CoRR},
  volume       = {abs/2401.15884},
  year         = {2024}
}

@inproceedings{selfrag,
  author       = {Akari Asai and
                  Zeqiu Wu and
                  Yizhong Wang and
                  Avirup Sil and
                  Hannaneh Hajishirzi},
  title        = {Self-RAG: Learning to Retrieve, Generate, and Critique through Self-Reflection},
  booktitle    = {{ICLR}},
  publisher    = {OpenReview.net},
  year         = {2024}
}

@inproceedings{ircot,
  author       = {Harsh Trivedi and
                  Niranjan Balasubramanian and
                  Tushar Khot and
                  Ashish Sabharwal},
  title        = {Interleaving Retrieval with Chain-of-Thought Reasoning for Knowledge-Intensive
                  Multi-Step Questions},
  booktitle    = {{ACL} {(1)}},
  pages        = {10014--10037},
  publisher    = {Association for Computational Linguistics},
  year         = {2023}
}

@inproceedings{iterretgen,
  author       = {Zhihong Shao and
                  Yeyun Gong and
                  Yelong Shen and
                  Minlie Huang and
                  Nan Duan and
                  Weizhu Chen},
  title        = {Enhancing Retrieval-Augmented Large Language Models with Iterative
                  Retrieval-Generation Synergy},
  booktitle    = {{EMNLP} (Findings)},
  pages        = {9248--9274},
  publisher    = {Association for Computational Linguistics},
  year         = {2023}
}

@inproceedings{hugginggpt,
  author       = {Yongliang Shen and
                  Kaitao Song and
                  Xu Tan and
                  Dongsheng Li and
                  Weiming Lu and
                  Yueting Zhuang},
  title        = {HuggingGPT: Solving {AI} Tasks with ChatGPT and its Friends in Hugging
                  Face},
  booktitle    = {NeurIPS},
  year         = {2023}
}

@inproceedings{agentboard,
  author       = {Chang Ma and
                  Junlei Zhang and
                  Zhihao Zhu and
                  Cheng Yang and
                  Yujiu Yang and
                  Yaohui Jin and
                  Zhenzhong Lan and
                  Lingpeng Kong and
                  Junxian He},
  title        = {AgentBoard: An Analytical Evaluation Board of Multi-turn {LLM} Agents},
  booktitle    = {NeurIPS},
  year         = {2024}
}

@article{button,
  author       = {Mingyang Chen and
                  Haoze Sun and
                  Tianpeng Li and
                  Fan Yang and
                  Hao Liang and
                  Keer Lu and
                  Bin Cui and
                  Wentao Zhang and
                  Zenan Zhou and
                  Weipeng Chen},
  title        = {Facilitating Multi-turn Function Calling for LLMs via Compositional
                  Instruction Tuning},
  journal      = {CoRR},
  volume       = {abs/2410.12952},
  year         = {2024}
}

@inproceedings{toolformer,
  author       = {Timo Schick and
                  Jane Dwivedi{-}Yu and
                  Roberto Dess{\`{\i}} and
                  Roberta Raileanu and
                  Maria Lomeli and
                  Eric Hambro and
                  Luke Zettlemoyer and
                  Nicola Cancedda and
                  Thomas Scialom},
  title        = {Toolformer: Language Models Can Teach Themselves to Use Tools},
  booktitle    = {NeurIPS},
  year         = {2023}
}

@article{rag-survey,
  author       = {Yunfan Gao and
                  Yun Xiong and
                  Xinyu Gao and
                  Kangxiang Jia and
                  Jinliu Pan and
                  Yuxi Bi and
                  Yi Dai and
                  Jiawei Sun and
                  Qianyu Guo and
                  Meng Wang and
                  Haofen Wang},
  title        = {Retrieval-Augmented Generation for Large Language Models: {A} Survey},
  journal      = {CoRR},
  volume       = {abs/2312.10997},
  year         = {2023}
}

@inproceedings{lpkg,
  author       = {Junjie Wang and
                  Mingyang Chen and
                  Binbin Hu and
                  Dan Yang and
                  Ziqi Liu and
                  Yue Shen and
                  Peng Wei and
                  Zhiqiang Zhang and
                  Jinjie Gu and
                  Jun Zhou and
                  Jeff Z. Pan and
                  Wen Zhang and
                  Huajun Chen},
  title        = {Learning to Plan for Retrieval-Augmented Large Language Models from
                  Knowledge Graphs},
  booktitle    = {{EMNLP} (Findings)},
  pages        = {7813--7835},
  publisher    = {Association for Computational Linguistics},
  year         = {2024}
}

@article{deepseek-r1,
  author       = {DeepSeek{-}AI and
                  Daya Guo and
                  Dejian Yang and
                  Haowei Zhang and
                  Junxiao Song and
                  Ruoyu Zhang and
                  Runxin Xu and
                  Qihao Zhu and
                  Shirong Ma and
                  Peiyi Wang and
                  Xiao Bi and
                  Xiaokang Zhang and
                  Xingkai Yu and
                  Yu Wu and
                  Z. F. Wu and
                  Zhibin Gou and
                  Zhihong Shao and
                  Zhuoshu Li and
                  Ziyi Gao and
                  Aixin Liu and
                  Bing Xue and
                  Bingxuan Wang and
                  Bochao Wu and
                  Bei Feng and
                  Chengda Lu and
                  Chenggang Zhao and
                  Chengqi Deng and
                  Chenyu Zhang and
                  Chong Ruan and
                  Damai Dai and
                  Deli Chen and
                  Dongjie Ji and
                  Erhang Li and
                  Fangyun Lin and
                  Fucong Dai and
                  Fuli Luo and
                  Guangbo Hao and
                  Guanting Chen and
                  Guowei Li and
                  H. Zhang and
                  Han Bao and
                  Hanwei Xu and
                  Haocheng Wang and
                  Honghui Ding and
                  Huajian Xin and
                  Huazuo Gao and
                  Hui Qu and
                  Hui Li and
                  Jianzhong Guo and
                  Jiashi Li and
                  Jiawei Wang and
                  Jingchang Chen and
                  Jingyang Yuan and
                  Junjie Qiu and
                  Junlong Li and
                  J. L. Cai and
                  Jiaqi Ni and
                  Jian Liang and
                  Jin Chen and
                  Kai Dong and
                  Kai Hu and
                  Kaige Gao and
                  Kang Guan and
                  Kexin Huang and
                  Kuai Yu and
                  Lean Wang and
                  Lecong Zhang and
                  Liang Zhao and
                  Litong Wang and
                  Liyue Zhang and
                  Lei Xu and
                  Leyi Xia and
                  Mingchuan Zhang and
                  Minghua Zhang and
                  Minghui Tang and
                  Meng Li and
                  Miaojun Wang and
                  Mingming Li and
                  Ning Tian and
                  Panpan Huang and
                  Peng Zhang and
                  Qiancheng Wang and
                  Qinyu Chen and
                  Qiushi Du and
                  Ruiqi Ge and
                  Ruisong Zhang and
                  Ruizhe Pan and
                  Runji Wang and
                  R. J. Chen and
                  R. L. Jin and
                  Ruyi Chen and
                  Shanghao Lu and
                  Shangyan Zhou and
                  Shanhuang Chen and
                  Shengfeng Ye and
                  Shiyu Wang and
                  Shuiping Yu and
                  Shunfeng Zhou and
                  Shuting Pan and
                  S. S. Li},
  title        = {DeepSeek-R1: Incentivizing Reasoning Capability in LLMs via Reinforcement
                  Learning},
  journal      = {CoRR},
  volume       = {abs/2501.12948},
  year         = {2025}
}

@article{baichuan-tech-report,
  author       = {Mingan Lin and
                  Fan Yang and
                  Yanjun Shen and
                  Haoze Sun and
                  Tianpeng Li and
                  Tao Zhang and
                  Chenzheng Zhu and
                  Tao Zhang and
                  Miao Zheng and
                  Xu Li and
                  Yijie Zhou and
                  Mingyang Chen and
                  Yanzhao Qin and
                  Youquan Li and
                  Hao Liang and
                  Fei Li and
                  Yadong Li and
                  Mang Wang and
                  Guosheng Dong and
                  Kun Fang and
                  Jianhua Xu and
                  Bin Cui and
                  Wentao Zhang and
                  Zenan Zhou and
                  Weipeng Chen},
  title        = {Baichuan Alignment Technical Report},
  journal      = {CoRR},
  volume       = {abs/2410.14940},
  year         = {2024}
}

@article{qwen25-tech-report,
  author       = {An Yang and
                  Baosong Yang and
                  Beichen Zhang and
                  Binyuan Hui and
                  Bo Zheng and
                  Bowen Yu and
                  Chengyuan Li and
                  Dayiheng Liu and
                  Fei Huang and
                  Haoran Wei and
                  Huan Lin and
                  Jian Yang and
                  Jianhong Tu and
                  Jianwei Zhang and
                  Jianxin Yang and
                  Jiaxi Yang and
                  Jingren Zhou and
                  Junyang Lin and
                  Kai Dang and
                  Keming Lu and
                  Keqin Bao and
                  Kexin Yang and
                  Le Yu and
                  Mei Li and
                  Mingfeng Xue and
                  Pei Zhang and
                  Qin Zhu and
                  Rui Men and
                  Runji Lin and
                  Tianhao Li and
                  Tingyu Xia and
                  Xingzhang Ren and
                  Xuancheng Ren and
                  Yang Fan and
                  Yang Su and
                  Yichang Zhang and
                  Yu Wan and
                  Yuqiong Liu and
                  Zeyu Cui and
                  Zhenru Zhang and
                  Zihan Qiu},
  title        = {Qwen2.5 Technical Report},
  journal      = {CoRR},
  volume       = {abs/2412.15115},
  year         = {2024}
}